4400 6384
365 316 427 379 196
896 313 964 366 1278
983 312 1099 367 October
1121 312 1285 365 let-1278
1305 312 1424 367 llutober
1443 313 1487 367 30.

369 510 535 591 sepedicto
566 509 764 576 munasterio
796 509 870 574 dedi
896 528 1000 613 meam
1024 517 1206 610 presentem
1231 509 1375 575 litteram
1400 512 1439 575 ad
1466 509 1636 575 cautelam.
1684 510 1806 575 Datum
1830 509 2024 574 Francken-

363 615 482 697 lordie,
508 636 593 682 annu
617 616 738 682 dunrini
762 610 1088 697 n1.et.1xxvssl.,
1113 616 1146 681 in
1170 615 1347 681 nativitate
1370 618 1468 681 beate
1491 615 1630 699 virginis
1653 616 1768 681 Maris.

574 758 716 823 Abscbrilt
734 759 772 811 im
790 757 947 813 &bdaoacr
966 758 1146 826 Kopiolbocb.
1184 758 1346 826 Korlerrdue,
1366 758 1711 813 Gonnoi-Laudesorcbio.
1732 787 1764 795 -
1785 756 1945 823 Grotcfend.

577 846 676 900 Getta:
695 846 802 915 (iudea,
821 845 935 917 Syllopc,
953 849 1015 915 270,
1044 848 1087 915 Β.,
1108 851 1167 903 186.
1205 848 1357 901 Erwdbnt:
1371 847 1551 915 Wbrdtwcia,
1571 846 1669 901 Obron.
1685 846 1790 915 Senon,
1811 850 1870 900 172.

362 1153 455 1229 406.
479 1162 646 1227 Hermann
676 1163 732 1226 der
754 1161 900 1227 Decbant
929 1164 995 1225 nomi
1025 1164 1085 1227 dns
1109 1162 1327 1244 Frunbsm‘ter
1349 1161 1560 1243 Stiftslopitcl
1587 1162 1824 1243 eercrbpocbten
1846 1162 1903 1225 der
1925 1161 2024 1225 Adel-

477 1270 558 1349 beicl,
590 1270 646 1333 der·
676 1270 759 1334 alten
779 1269 895 1353 Voplc'n
927 1290 985 1333 cion
1017 1269 1147 1345 Tribnr,
1180 1270 1244 1333 tend
1273 1270 1368 1333 deren
1390 1267 1499 1332 Erben
1528 1269 1579 1331 dic
1601 1268 1698 1333 Nom
1727 1270 1813 1332 ibren
1835 1268 1958 1332 Kircbc
1988 1272 2023 1331 in

480 1376 600 1441 Tribar·
624 1376 690 1440 aad
714 1376 834 1441 Slcdcn.
884 1381 972 1439 127⁸
998 1377 1128 1442 October
1151 1382 1203 1439 1b'.

470 1519 538 1583 Nos
560 1518 768 1584 Hermannus
793 1520 936 1583 decanus
961 1524 1130 1597 totumque
1155 1516 1334 1598 capitulum
1357 1515 1493 1582 ecclesie
1514 1514 1853 1582 Frankenvordensis.
1893 1516 2024 1598 Recog-

365 1624 528 1690 noscimus
552 1631 585 1690 et
609 1631 720 1689 notum
744 1623 883 1689 facimus
906 1622 1078 1705 universis
1105 1625 1146 1688 ad
1178 1642 1258 1704 quos
1287 1622 1475 1705 pervenerit
1499 1642 1635 1704 presens
1659 1622 1827 1704 scriptum,
1853 1625 1938 1702 quod
1962 1640 2024 1687 nos

364 1731 436 1813 pari
466 1750 625 1797 consensu
656 1738 689 1795 et
720 1732 891 1797 voluntate
920 1729 1065 1797 unanimi
1089 1749 1208 1796 nonam
1238 1729 1374 1796 ecclesie
1405 1737 1517 1795 nostre
1547 1729 1581 1794 in
1604 1728 1757 1795 'l'riburio
1792 1736 1825 1794 et
1848 1729 1882 1794 in
1910 1729 2022 1807 Scede,

365 1856 461 1918 quam
491 1838 648 1903 habemus
672 1838 713 1903 ab
737 1836 920 1922 iuperiotl),
946 1856 1018 1902 cum
1041 1836 1155 1919 iugero
1180 1836 1253 1919 agri
1276 1838 1439 1917 quondam
1457 1835 1660 1917 Marquardi,
1686 1834 1905 1901 concessimus
1921 1835 2024 1900 Adel-

364 1942 460 2025 heidi,
487 1942 620 2023 antique
651 1945 812 2009 advocate
844 1946 883 2009 de
907 1943 1070 2017 Triburio,
1096 1951 1130 2008 ct
1160 1943 1228 2009 suis
1258 1942 1434 2009 heredibus
1464 1941 1627 2010 universis
1656 1942 1728 2008 iure
1757 1942 1959 2008 hereditario
1987 1942 2023 2007 in

365 2057 557 2132 perpetuum
587 2049 775 2131 obtinenda,
801 2049 954 2118 videlicet
985 2051 1045 2115 sub
1076 2051 1138 2115 bac
1168 2048 1284 2127 forma,
1314 2051 1398 2131 quod
1430 2048 1505 2130 ipsa
1527 2048 1717 2115 Adelbeidis
1746 2048 1885 2132 siugulis
1915 2049 2023 2129 annm,

364 2156 517 2238 quamdiu
540 2154 670 2236 vixerit,
696 2162 729 2220 et
753 2161 829 2238 post
851 2156 955 2238 ipsius
979 2155 1103 2222 obitum
1126 2155 1236 2223 senior
1258 2155 1345 2222 inter
1368 2156 1458 2238 ipsos
1482 2175 1559 2221 suos
1574 2156 1711 2221 heredes
1727 2154 1762 2221 in
1777 2153 1864 2222 festo
1881 2156 2025 2221 omnium

365 2269 553 2328 sanctorum
572 2260 700 2327 XVIII.
718 2262 841 2328 octalia
863 2262 967 2328 tritici
982 2263 1313 2328 Frankenuordensis
1328 2280 1479 2328 mensure
1496 2269 1529 2328 et
1545 2261 1688 2328 XXVII.
1706 2267 1831 2328 mattas
1846 2262 1880 2327 iu
1896 2281 2024 2328 omnem

364 2374 516 2435 eventum
547 2368 641 2434 nobis
672 2376 705 2434 et
733 2368 869 2434 ecclesie
893 2376 1006 2435 nostre
1030 2370 1172 2450 solvant,
1197 2377 1230 2435 ct
1255 2371 1314 2435 sub
1339 2369 1407 2435 suis
1430 2368 1608 2449 laboribus,
1634 2368 1788 2451 periculis
1812 2376 1847 2434 et
1869 2369 2025 2451 expensus

366 2474 460 2540 nobis
483 2474 517 2540 iu
533 2475 774 2541 Fraukenvord
792 2475 1018 2558 assignabunt.
1059 2478 1130 2561 Que
1147 2477 1274 2557 quidem
1290 2476 1480 2541 AdelbeidiS
1496 2481 1530 2541 et
1545 2477 1683 2542 heredes
1699 2475 1813 2558 ipsius,
1837 2482 1876 2540 ut
1891 2478 1932 2541 de
1949 2495 2025 2557 pre-

365 2580 467 2646 missa
482 2580 637 2662 pensione
654 2588 769 2647 nostra
785 2581 1084 2648 habundanciorem
1100 2583 1264 2648 cautelam
1280 2587 1314 2648 et
1331 2582 1560 2648 certitudinem
1576 2582 1780 2663 haberemus
1802 2581 1896 2647 nobis
1911 2602 2025 2662 quern·

367 2689 442 2751 dam
465 2704 623 2769 mansum,
649 2686 747 2753 situm
769 2687 804 2753 in
820 2687 972 2753 rIrr‘burio
997 2688 1120 2754 dictum
1137 2688 1287 2769 Selhube,
1313 2690 1373 2754 sub
1389 2688 1643 2771 interpositione
1659 2688 1806 2771 pignoris
1822 2688 2023 2771 obligarunt.

368 2792 417 2857 De
442 2812 505 2874 quo
528 2812 653 2875 manso,
679 2794 763 2860 siin
788 2795 935 2876 predicto
960 2794 1097 2860 termino
1121 2792 1223 2861 luerit
1247 2813 1268 2860 a
1291 2794 1449 2877 premisse
1472 2793 1638 2876 pensionis
1661 2794 1828 2860 solucione
1846 2801 2023 2875 cessatum,

364 2898 458 2965 iuxta
482 2899 682 2965 sentencIam
699 2899 906 2966 scabinorum
923 2899 1182 2966 'lhiburiensium
1198 2900 1417 2967 intromittere
1434 2920 1493 2966 nos
1509 2902 1673 2982 debemus,
1699 2901 1855 2982 pensione
1870 2902 2026 2984 neglecta

365 3011 444 3070 tunc
467 3004 695 3072 nichilominus
718 3006 813 3073 nobis
837 3008 939 3073 salva.
988 3005 1022 3073 Si
1045 3027 1124 3073 vero
1148 3007 1229 3073 dicti
1252 3007 1453 3089 pensionarii
1476 3008 1648 3075 occasIoue
1668 3008 1805 3074 ecclesie
1820 3016 1934 3074 nostre
1950 3008 2026 3090 ipsa

366 3110 521 3193 pensione
548 3111 672 3179 luerint
696 3113 838 3196 spoliati,
864 3114 925 3180 hoc
948 3133 1012 3179 nou
1036 3113 1069 3179 in
1093 3134 1214 3195 eorum,
1240 3117 1297 3180 sed
1321 3114 1355 3181 ln
1378 3122 1527 3181 nostrum
1550 3117 1726 3197 dampnum
1749 3114 1880 3197 penitus
1903 3117 2026 3181 redun-

366 3218 469 3284 dabit.
516 3220 675 3286 Preterea
704 3219 733 3285 si
763 3239 822 3286 nos
850 3223 992 3286 rendere
1024 3220 1201 3304 contigerit
1230 3221 1336 3303 ipsam
1366 3221 1563 3303 pensionem,
1594 3221 1646 3287 ius
1676 3222 1910 3289 bereditarium
1935 3226 2026 3305 apud

367 3324 473 3390 dictos
497 3325 723 3407 pensionarius
746 3326 929 3392 remanebit
953 3334 986 3392 et
1010 3326 1073 3392 erit
1096 3346 1156 3407 per
1179 3327 1287 3393 omnia
1310 3326 1357 3393 eis
1381 3328 1518 3409 salvum,
1544 3327 1734 3394 vendicione
1758 3328 1944 3394 huiusmodi
1958 3348 2027 3393 nou

365 3432 529 3496 obstante.
570 3432 687 3498 Testes
711 3440 830 3515 autem,
856 3432 911 3514 qui
927 3431 1159 3513 interfuerunt,
1185 3442 1278 3500 sunt:
1304 3433 1385 3501 Giso
1402 3437 1594 3517 advocatus
1615 3436 1649 3501 C.
1668 3436 1837 3514 scultetus
1854 3436 1896 3500 Η.
1914 3435 2026 3500 dictus

365 3538 470 3617 Paris
488 3539 690 3605 Wernherus
713 3538 821 3605 dictus
838 3541 995 3621 Grebere,
1007 3541 1046 3605 W
1048 3541 1206 3606 ernherus
1223 3542 1361 3623 Gegere,
1386 3541 1667 3627 Harttmanuus)⁸
1688 3542 1796 3608 dictus
1812 3542 1918 3623 Galle,
1939 3542 2027 3608 Her-

366 3643 497 3725 ten'cus,
523 3644 730 3718 Ekehardus,
749 3646 949 3712 Wernberus
980 3645 1087 3711 dictus
1111 3646 1297 3728 Minzelere,
1322 3647 1462 3729 scabiui;
1489 3655 1522 3714 et
1546 3648 1603 3714 alii
1624 3668 1722 3730 quam
1746 3649 1856 3731 plures
1879 3652 1920 3714 de
1945 3648 2026 3715 villa

366 3751 578 3818 Triburiensi.
626 3753 665 3818 In
697 3752 788 3819 cuius
819 3752 867 3819 rei
897 3753 1098 3821 evidenciam
1123 3760 1156 3819 et
1179 3753 1323 3821 debitam
1347 3754 1545 3835 firmitatem,
1572 3774 1708 3836 presens
1733 3755 1891 3836 scriptum
1915 3755 2026 3838 sigillo

319 3834 331 3863 x
366 3857 502 3923 ecclesie
526 3865 639 3925 nostre
662 3857 799 3925 lechnus
823 3858 1022 3926 communiri.
1078 3862 1196 3926 Actum
1221 3867 1254 3926 et
1277 3863 1391 3926 datum
1415 3881 1500 3927 anno
1525 3855 2025 3944 oomtnn.o·e.lxx.tn11.,

365 3963 399 4029 in
424 3963 476 4029 die
500 3964 590 4031 beati
613 3965 711 4032 Galli.

579 4106 718 4171 Abscbrist
736 4107 767 4161 in
785 4108 883 4161 Barth.
898 4108 1014 4176 Bttcbcr,
1033 4107 1109 4163 Serio
1127 4108 1171 4177 II,
1191 4110 1276 4164 Nu?
1293 4110 1314 4175 f.
1332 4113 1395 4164 76⁰.
1432 4110 1471 4164 St.
1485 4111 1519 4164 A.
1535 4110 1586 4164 Fr.

581 4195 680 4249 chm
698 4196 742 4263 Β.,
762 4200 814 4249 187
833 4198 903 4250 noch
921 4197 1057 4251 denselben
1072 4197 1196 4267 Vorlope.

584 4284 677 4338 Vera:
696 4284 801 4353 Scribo,
822 4285 846 4351 1,
867 4286 919 4339 No.
935 4290 994 4340 577.

365 4570 457 4645 407.
483 4580 643 4654 Heinrich,
674 4581 730 4645 der·
757 4580 974 4663 Frnnlcfrntor
997 4582 1200 4661 Sclunltbciss,
1226 4584 1352 4647 holcani
1377 4605 1434 4647 ron
1457 4583 1567 4648 Herna
1592 4582 1752 4665 Gotifried
1776 4606 1836 4648 con
1856 4584 2024 4667 Epprstebr,

475 4688 588 4767 jcdocb
621 4692 675 4751 cruit
693 4687 861 4753 Vorbcbolt
890 4688 946 4751 cler
969 4689 1265 4773 lVicdcrcinldnmp,
1298 4693 1352 4753 aicit
1380 4691 1437 4753 der
1453 4690 1562 4773 Voptei
1593 4694 1626 4753 ia
1652 4689 1883 4754 Heddernheim
1907 4692 2025 4755 betelini

480 4816 521 4858 aa
544 4798 621 4858 sein.
670 4800 758 4859 1278
783 4796 913 4861 October
935 4802 988 4859 30.

472 4935 545 5019 Ego
569 4935 744 5002 Heinricus
775 4936 935 5002 scultetus
959 4936 1290 5004 Frankenlordensis.
1340 4938 1468 5004 Tenore
1487 4938 1691 5019 presencium
1715 4937 1844 5020 publice
1868 4941 2024 5021 profiteor

366 5048 400 5106 ct
423 5048 598 5123 protestor,
624 5045 709 5123 quod
733 5043 944 5109 advocaciam
967 5044 1001 5110 in
1017 5043 1237 5110 Hederuheim
1253 5063 1325 5110 cum
1341 5044 1409 5110 suis
1425 5044 1636 5126 pertinenciis
1653 5064 1674 5110 a
1689 5044 1790 5111 nobili
1805 5045 1877 5111 viro
1894 5047 2023 5112 domino

366 5167 435 5213 meo
460 5146 614 5215 Gotlrido
638 5153 678 5215 de
694 5149 892 5232 Eppinstein
916 5157 1012 5217 teneo
1037 5151 1144 5233 tytulo
1167 5149 1299 5216 feodali.
1346 5152 1420 5217 Hac
1444 5158 1553 5217 tamen
1577 5150 1776 5233 interposita
1797 5152 1962 5233 pactione,
1987 5160 2024 5218 ut

366 5274 438 5319 cum
461 5254 532 5337 ipse
555 5255 703 5321 dominus
727 5276 817 5323 meus
841 5258 893 5323 vel
917 5256 968 5322 sui
991 5258 1128 5322 heredes
1152 5256 1248 5323 michi
1272 5258 1326 5323 vel
1349 5257 1428 5324 meis
1447 5258 1622 5323 heredibus
1638 5257 1879 5341 qmnquaglnta
1894 5278 2024 5325 marcas

366 5360 572 5427 denariorum
598 5362 836 5428 coloniensium
867 5361 1026 5443 dederint,
1059 5362 1210 5444 predicta
1240 5364 1420 5430 advocacia
1449 5367 1491 5430 ad
1522 5384 1578 5430 eos
1608 5364 1710 5430 libere
1740 5372 1940 5432 revertatur.
1990 5366 2025 5431 si

367 5486 444 5534 varo
474 5468 581 5549 ipsam
611 5468 781 5550 pecuniam
813 5468 899 5535 forte
930 5454 1034 5535 totam
1059 5470 1180 5535 habere
1204 5488 1268 5534 non
1293 5470 1438 5552 poterint
1461 5478 1495 5536 et
1518 5477 1646 5553 partem
1669 5470 1767 5536 michi
1790 5470 1951 5552 dederint,
1977 5472 2024 5537 eis

367 5576 406 5637 de
437 5573 547 5638 tritico
579 5581 707 5639 tantum
739 5577 881 5655 reddam,
908 5575 993 5641 sicut
1024 5577 1157 5656 erpredit
1187 5594 1246 5657 pro
1278 5577 1464 5657 quantitate
1495 5576 1631 5661 pecunie
1661 5575 1758 5642 michi
1781 5580 1868 5643 date.
1920 5579 2026 5659 Super

633 5772 658 5817 a)
672 5766 716 5808 Hs.
728 5780 776 5807 mm
791 5767 886 5821 ,Hart“,
901 5768 946 5810 sirit
959 5768 1219 5812 Ahororiarmaeicbm
1232 5772 1279 5824 sair
1293 5774 1355 5821 ,us'.
