4400 6384
1097 258 1168 312 labo
1185 257 1263 313 lllrn
1283 257 1323 313 17.

591 456 636 525 B,
655 458 698 524 9⁷,
723 456 835 510 drackte
859 454 930 509 ancli
956 454 1041 509 damu
1066 454 1224 509 calmense
1251 453 1298 509 Or.
1320 454 1371 519 (im
1388 452 1492 509 Archiv
1509 452 1556 507 aa
1573 454 1673 509 Barth.
1694 451 1825 522 stirias),
1850 453 1960 507 dunaeb
1978 453 2040 507 bier

647 544 810 599 cadaboli.
847 542 1010 599 Aumerdem
1033 544 1109 615 perir.
1134 544 1206 597 auch
1230 544 1282 598 B.:
1306 542 1424 609 Reimer,
1449 542 1476 610 I,
1500 546 1561 597 228.

591 634 664 689 Diae
682 633 824 700 Abscbrift
842 632 891 688 der
913 632 977 688 Urlr.
994 632 1025 687 in
1044 632 1144 687 Barth.
1157 632 1274 699 Bdeluer,
1294 632 1372 689 Seria
1390 631 1416 700 1,
1436 632 1489 686 No.
1502 631 1565 698 23s.
1585 634 1627 687 la.

377 874 469 955 203.
494 886 652 952 Abscbied
675 886 730 950 des
754 885 818 966 auf
831 886 973 969 Somnioq
997 884 1210 949 &uriasscere
1226 883 1295 965 (12.
1308 884 1423 968 Mire)
1439 907 1481 948 zu
1496 884 1612 949 Meiere
1634 884 1816 968 petulcam
1831 883 2037 966 Siddtetupes.

495 994 622 1073 Maiae,
648 998 735 1059 1256
758 992 857 1058 More
881 996 933 1057 17.

485 1134 658 1203 Universis
683 1134 806 1202 Christi
829 1132 978 1201 fidelibus
1002 1133 1042 1199 A.
1064 1132 1275 1213 camerarius
1300 1133 1339 1198 F.
1364 1134 1534 1215 scultetus,
1558 1132 1692 1215 iudices,
1718 1132 1887 1199 consilium
1910 1137 1945 1197 et
1967 1130 2040 1197 uni-

378 1240 468 1313 versi
498 1242 586 1311 cives
616 1242 816 1327 Moguntini,
842 1242 1111 1322 wormacienses,
1147 1240 1320 1322 spirenses,
1353 1241 1615 1324 Argentinertses,
1643 1239 1668 1313 ll
1692 1241 2038 1320 Frankcnvordenses,

378 1350 624 1432 Bopardienses,
656 1350 868 1429 colonienses,
901 1348 1078 1429 Aquenses,
1111 1346 1396 1424 Monosterienses,
1432 1348 1628 1414 Susace'nses
1657 1353 1690 1414 et
1713 1366 1825 1413 omnes
1849 1346 1906 1413 alii
1929 1346 2041 1411 nuncii

379 1454 551 1523 civitatum
584 1454 778 1541 congregati
807 1454 981 1539 Moguncie
1013 1456 1046 1521 in
1080 1454 1240 1536 colloquio
1272 1454 1429 1539 generali,
1464 1453 1604 1521 salutem
1637 1461 1671 1520 et
1702 1452 1932 1535 obllsequium.
1987 1453 2039 1518 Ad

378 1563 509 1630 laudem
539 1569 572 1629 et
602 1563 740 1647 gloriam
764 1564 846 1629 Jcsu
871 1560 1002 1644 Christi,
1033 1562 1088 1643 qui
1118 1567 1170 1629 est
1200 1561 1292 1642 pacis
1322 1568 1438 1628 auctor
1467 1568 1501 1627 et
1528 1563 1667 1628 humane
1691 1560 1809 1627 salutis
1833 1566 1972 1639 amator,
1998 1562 2039 1624 ad

380 1671 535 1736 bonorem
566 1670 669 1736 eciam
700 1675 815 1735 sancte
846 1670 993 1736 Romane
1025 1668 1178 1751 ecclesie,
1210 1668 1327 1735 matris
1356 1676 1485 1750 nostre,
1517 1687 1579 1748 que
1612 1665 1636 1741 ll
1667 1687 1781 1749 pacem
1812 1673 1846 1733 et
1875 1665 2040 1732 iusticiam

381 1774 597 1859 amplexatur,
623 1796 681 1858 pro
711 1774 902 1843 reverencia
926 1796 1054 1857 quoque
1077 1776 1214 1858 imperii,
1240 1776 1332 1841 cuius
1356 1775 1464 1859 rigore
1488 1774 1600 1842 iudicii
1621 1772 1862 1858 incorrigibiles
1886 1776 1929 1840 ad
1951 1772 2040 1839 viam

380 1883 588 1951 rectitudinis
617 1886 830 1964 reducuntur,
855 1886 899 1948 ad
930 1882 1069 1949 salutem
1099 1883 1202 1949 eciam
1233 1902 1413 1965 pauperum
1443 1900 1482 1947 ac
1513 1880 1618 1948 tocius
1642 1880 1755 1963 populi
1778 1879 1960 1961 christiani,
1986 1879 2041 1961 qui

381 1989 473 2072 pacis
508 1986 781 2071 tranquillitatem
815 2007 938 2055 summo
967 1988 1130 2056 desiderio
1161 1988 1282 2054 siciunt
1314 1995 1348 2055 et
1372 1995 1566 2070 expectant,
1598 1988 1633 2054 in
1663 1986 1791 2054 nomine
1822 1986 1952 2069 domini,
1986 1987 2040 2067 qui

381 2102 555 2180 sperantes
578 2096 612 2163 in
636 2116 671 2162 se
695 2094 882 2161 nullatenus
906 2095 1112 2177 derelinquit,
1138 2115 1251 2178 pacem
1274 2095 1417 2162 iuratam
1439 2094 1674 2162 inviolabiliter
1696 2094 1869 2161 bonafide
1893 2094 2042 2162 servabi-

380 2223 452 2270 mus
483 2210 516 2271 et
547 2206 589 2270 ad
620 2202 919 2269 corroborationem
943 2209 977 2268 et
1001 2201 1277 2287 propagacionem
1299 2202 1403 2283 ipsius
1427 2222 1468 2268 ex
1492 2202 1646 2270 concordi
1669 2221 1829 2268 consensu
1853 2209 1887 2267 et
1910 2208 2040 2267 maturo

382 2310 517 2377 consilio
541 2309 742 2394 dominorum
766 2316 799 2375 et
822 2309 987 2392 nobilium,
1013 2310 1070 2391 qui
1092 2316 1171 2376 tunc
1195 2312 1344 2392 aderant,
1369 2309 1507 2375 lecimus
1531 2316 1565 2375 et
1580 2308 1803 2376 ordinavimus
1819 2310 1878 2375 beo
1894 2316 2039 2374 statuta:

381 2416 430 2503 (1)
453 2416 605 2502 Quolibet
628 2414 782 2483 civitates
806 2422 839 2482 et
864 2416 963 2497 opida
985 2416 1079 2483 iuxta
1102 2416 1191 2483 vires
1215 2436 1325 2482 eorum
1349 2436 1477 2497 semper
1493 2424 1591 2483 erunt
1606 2415 1718 2498 parati
1731 2416 1765 2483 in
1782 2416 1874 2497 equis
1890 2423 1926 2481 et
1941 2416 2040 2481 armis

383 2530 500 2589 contra
531 2522 623 2605 pacis
654 2530 688 2589 et
717 2523 846 2591 iusticie
878 2525 1076 2605 turbatores
1109 2530 1143 2589 et
1172 2524 1306 2604 insuper
1337 2530 1487 2589 statuent
1517 2530 1551 2588 et
1581 2524 1741 2589 tenebunt
1770 2542 1829 2603 pro
1860 2541 2040 2604 possesne

387 2628 630 2713 stipendiarios,
656 2630 710 2711 qui
741 2631 911 2697 suldenere
941 2628 1095 2696 dicontur
1119 2630 1311 2713 vulgariter,
1336 2637 1374 2696 ut
1396 2630 1444 2697 illi
1467 2634 1509 2697 ad
1532 2631 1606 2698 loca
1629 2638 1756 2696 remota
1778 2629 1867 2695 horis
1890 2628 2038 2711 singulis

385 2738 653 2819 quandocumque
684 2757 818 2803 necesse
848 2735 959 2819 merit,
992 2736 1272 2803 transmittantur.
1320 2738 1368 2821 (2)
1391 2736 1437 2802 Et
1462 2736 1614 2818 quoniam
1639 2756 1725 2802 nunc
1747 2742 1848 2803 vacat
1870 2734 2040 2817 imperium

384 2851 418 2911 et
457 2843 585 2909 domino
626 2864 665 2911 ac
704 2864 782 2927 rege
817 2863 983 2925 caremus,
1021 2843 1130 2909 omnia
1163 2845 1251 2910 bona
1285 2843 1428 2925 imperii,
1465 2846 1567 2909 donec
1601 2850 1704 2911 vacat
1737 2841 1925 2923 imperium,
1962 2842 2041 2907 totis

382 2948 509 3017 viribus
540 2957 695 3032 tanquam
727 2957 843 3018 nostra
872 2949 1048 3017 defendere
1079 2951 1229 3017 volumus
1260 2958 1293 3017 et
1324 2949 1418 3016 tueri.
1466 2951 1514 3035 (3)
1538 2950 1686 3016 Misimus
1716 2949 1818 3016 eciam
1846 2949 2040 3030 sollempnes

383 3054 519 3123 nuncios
550 3064 680 3123 nostros
709 3060 751 3123 ad
781 3057 955 3139 principes
981 3059 1022 3123 ad
1047 3076 1128 3138 quos
1152 3064 1283 3138 spectat
1306 3057 1394 3140 regis
1418 3057 1544 3132 electio,
1570 3064 1727 3141 rogantes
1749 3075 1806 3122 eos
1830 3055 1982 3135 sollicite,
2006 3063 2041 3120 ut

384 3183 443 3245 pro
467 3163 574 3230 salute
598 3164 703 3230 tocius
727 3163 834 3245 patrie
854 3164 887 3231 in
903 3184 1002 3229 unam
1017 3163 1196 3245 dignentur
1212 3166 1411 3230 concordare
1427 3183 1611 3245 pomonam,
1636 3183 1677 3229 ne
1694 3184 1734 3229 ex
1750 3183 1862 3229 eorum
1877 3162 2042 3228 discordia

384 3274 499 3336 sancte
529 3268 622 3354 pacis
653 3268 822 3354 negocium
846 3267 959 3338 valeat
982 3269 1181 3351 perturbari.
1229 3270 1278 3354 (4)
1305 3269 1487 3337 Statuimus
1511 3268 1613 3335 eciam
1637 3270 1697 3336 sub
1722 3268 1832 3335 debito
1855 3267 2039 3336 iuramenti.

384 3378 469 3457 quod
493 3374 522 3443 si
544 3374 577 3442 in
602 3375 766 3444 discordia
790 3378 901 3459 plures
924 3376 1022 3443 electi
1044 3374 1178 3457 fuerint,
1204 3376 1285 3442 nulli
1308 3396 1419 3442 eorum
1442 3377 1475 3443 in
1500 3377 1642 3458 aliquam
1659 3376 1827 3442 civitatem
1842 3376 1894 3443 vel
1912 3375 2041 3458 opidum

384 3481 692 3570 pateat[intr0i]tus,
717 3483 909 3550 fidelitatem
932 3484 986 3551 vel
1009 3482 1183 3549 servicium
1207 3482 1254 3549 eis
1277 3484 1461 3549 nullomodo
1485 3484 1715 3564 prestabimus,
1740 3481 1899 3549 victualia
1915 3482 1964 3547 eis
1980 3501 2041 3546 non

384 3586 651 3671 ministrabimus,
676 3596 822 3656 mutuum
852 3588 900 3655 eis
930 3610 994 3656 non
1025 3589 1184 3669 dabimus,
1210 3609 1270 3655 nec
1301 3590 1382 3655 clam
1414 3589 1467 3655 vel
1497 3590 1606 3670 palam
1629 3589 1750 3670 aliquid
1781 3588 1864 3669 ipsis
1886 3588 2040 3654 auxilinm

385 3693 554 3763 iaciemus.
594 3694 644 3783 (b)
670 3694 704 3762 Si
728 3702 836 3763 autem
860 3694 971 3777 aliqua
995 3695 1114 3763 civitas
1137 3696 1190 3763 vel
1215 3696 1346 3777 opidum
1370 3716 1427 3763 seu
1452 3696 1555 3764 eciam
1571 3694 1755 3779 singulares
1771 3716 1910 3779 persone
1927 3704 2040 3761 contra

385 3803 446 3869 boc
477 3808 640 3869 statutum
664 3809 698 3869 et
722 3801 963 3870 ordinacionem
985 3810 1144 3884 nostram,
1170 3805 1255 3884 quod
1280 3802 1377 3885 absit,
1403 3802 1524 3884 aliquid
1549 3802 1807 3888 presumpserint
1831 3809 2039 3885 attemptare,

387 3916 632 3991 presumpturos
662 3909 846 3976 huiusmodi
875 3908 998 3990 periuri
1028 3916 1061 3975 et
1088 3906 1228 3976 infames
1252 3930 1291 3975 ac
1315 3910 1493 3977 violatores
1515 3910 1592 3976 fidei
1614 3912 1845 3989 censebuntur,
1870 3918 1905 3976 et
1929 3919 2040 3977 conus

385 4014 476 4097 ipsos
506 4015 585 4082 totis
615 4016 742 4083 viribus
772 4019 984 4097 procedemus
1015 4024 1183 4098 tamquam
1213 4025 1330 4082 contra
1358 4018 1538 4085 violatores
1568 4018 1660 4099 pacis
1684 4025 1718 4083 et
1741 4023 1873 4083 nostros
1896 4018 2040 4098 publicos

385 4121 541 4188 inimicos.
588 4122 634 4188 Et
664 4124 723 4190 hec
754 4124 862 4190 omnia
888 4122 1087 4190 unanimiter
1110 4129 1144 4188 et
1166 4122 1303 4190 firmiter
1327 4122 1451 4190 tamdiu
1476 4124 1690 4205 servabimus
1716 4127 1818 4190 donec
1842 4123 1939 4191 nobis
1961 4144 2041 4190 unus

386 4236 595 4311 presentetur
617 4228 652 4296 in
676 4249 795 4313 regem,
821 4230 876 4312 qui
899 4233 939 4296 de
963 4230 1033 4296 iure
1057 4248 1194 4313 regnum
1217 4231 1401 4296 Romanum
1424 4232 1544 4296 debeat
1567 4230 1725 4311 obtinere,
1751 4230 1802 4296 cui
1827 4234 1867 4297 de
1890 4230 2040 4297 concordi

386 4354 546 4402 consensu
578 4343 612 4403 et
641 4335 786 4402 unanimi
816 4334 949 4402 consilio
980 4344 1147 4418 tamquam
1178 4344 1290 4402 nostro
1321 4337 1393 4420 regi
1420 4347 1453 4402 et
1477 4337 1604 4404 domino
1629 4338 1821 4404 fidelitatem
1844 4345 1879 4403 et
1904 4338 2041 4405 servicia

386 4440 499 4508 debita
528 4442 741 4509 libentissime
771 4441 938 4509 iaciemus.
987 4444 1035 4529 (6)
1054 4443 1211 4509 Volumus
1242 4442 1355 4523 eciam,
1380 4450 1417 4509 ut
1447 4444 1504 4511 illa
1528 4452 1669 4526 quatuor
1692 4444 1861 4528 generalia
1884 4444 2041 4526 colloquia

387 4546 442 4614 diu
464 4555 593 4616 statuta
614 4549 708 4617 aunis
726 4549 863 4634 singulis
881 4551 1107 4616 observentur.
1148 4550 1289 4630 Propter
1305 4550 1498 4631 colloquium
1515 4572 1604 4626 vero,
1629 4553 1714 4633 quod
1732 4572 1817 4617 nunc
1832 4550 1867 4616 in
1882 4552 2040 4632 preterita

386 4654 548 4723 dominica
564 4656 808 4725 Reminisoere¹
823 4658 996 4741 Moguncie
1013 4659 1208 4738 habebatur,
1227 4658 1431 4725 decrevimus
1446 4658 1527 4723 illud
1544 4657 1746 4739 colloquium,
1765 4660 1849 4740 quod
1865 4657 1901 4723 in
1919 4657 2041 4723 octavis

386 4760 530 4845 pasche*
558 4762 678 4830 ibidem
708 4766 831 4831 babere
862 4764 1040 4846 debuimus,
1067 4785 1131 4831 non
1162 4765 1290 4832 servari
1320 4766 1382 4831 bac
1406 4766 1487 4846 vice,
1513 4767 1569 4830 sed
1594 4766 1626 4830 in
1651 4764 1748 4831 dictis
1772 4764 1901 4831 octavis
1925 4766 2041 4847 pasche

386 4868 451 4936 erit
479 4868 514 4935 in
541 4876 708 4952 posterum
733 4870 827 4938 annis
852 4870 989 4955 singulis
1014 4874 1263 4938 observandum.
1306 4873 1508 4954 statuentes
1533 4880 1571 4938 ut
1594 4892 1705 4938 omnes
1728 4872 1785 4954 illi,
1810 4872 1866 4953 qui
1888 4875 1934 4937 ad
1958 4872 2040 4937 dicta

387 4975 548 5057 colloquia
571 4996 635 5043 non
659 4977 820 5059 venerint,
846 4998 931 5060 pena
953 4978 1066 5045 debita
1089 4978 1277 5059 puniantur.
1325 4980 1374 5064 (7)
1390 4980 1437 5045 Et
1460 4978 1611 5060 quoniam
1635 4978 1767 5060 quidam
1789 4978 1910 5044 milites
1934 4976 2039 5044 etalii

387 5084 421 5150 in
451 5082 538 5151 villis
568 5091 603 5151 et
632 5083 713 5150 locis
744 5084 817 5151 aliis
847 5085 1029 5151 residentes
1061 5105 1174 5166 pacem
1197 5086 1308 5152 iurare
1332 5107 1398 5151 non
1422 5094 1550 5166 curant,
1576 5092 1609 5151 et
1632 5106 1691 5167 pro
1716 5084 1988 5151 corroboracione
2009 5091 2038 5149 et

387 5192 641 5259 conservacione
672 5192 763 5273 pacis
794 5193 909 5260 nolunt
939 5191 1050 5259 iacere
1081 5192 1192 5274 aliqua
1223 5192 1365 5259 servicia
1391 5192 1444 5258 vel
1467 5192 1607 5275 labores,
1633 5199 1667 5258 et
1690 5200 1800 5259 tamen
1823 5192 1941 5259 volunt
1963 5210 2037 5273 pace

387 5300 541 5383 gaudere,
568 5298 752 5380 statuimus,
777 5306 814 5365 ut
843 5300 890 5365 illi
914 5320 934 5365 a
958 5299 1049 5380 pacis
1080 5298 1245 5365 commodo
1277 5299 1409 5379 penitus
1445 5300 1511 5365 sint
1535 5300 1668 5381 exclusi,
1693 5319 1754 5365 nec
1778 5320 1843 5381 pax
1866 5299 2036 5366 violabitur

386 5404 421 5471 in
444 5404 575 5472 eisdem.
616 5406 665 5492 (8)
687 5407 759 5473 Hoc
784 5413 945 5497 statutum
969 5404 1072 5472 eciam
1095 5408 1284 5472 renovando
1309 5403 1494 5488 statuimus
1520 5414 1558 5472 ut
1581 5406 1662 5471 nulli
1685 5406 1883 5473 dominorum
1909 5404 2035 5473 velcui-

390 5531 526 5594 cumque
556 5513 622 5596 alii,
648 5514 704 5595 qui
732 5514 902 5597 negocium
933 5520 1047 5581 sancte
1077 5512 1170 5593 pacis
1200 5512 1418 5594 turbaverint,
1442 5518 1589 5579 mutuum
1619 5515 1716 5582 detur
1744 5514 1796 5583 vel
1824 5512 1980 5582 victualia
2000 5513 2033 5577 de

443 5706 452 5738 ¹
471 5706 554 5761 Matre
572 5711 614 5761 12.
652 5708 765 5778 ’April
783 5714 825 5765 13.
