4400 6384
398 255 441 323 58
955 249 1160 306 raserun-
1181 247 1250 304 raes
1268 247 1426 318 apameo
1446 248 1487 302 ro.

397 450 525 518 domino
549 448 646 532 lilllii,
671 447 792 516 vestris
814 446 910 514 iustis
934 446 1210 530 postulationibus
1233 454 1329 529 grato
1354 453 1588 512 concurrentes
1601 463 1748 526 assensu,
1772 445 1825 511 ios
1840 451 2049 527 patronatus.

397 559 483 639 quod
511 556 546 622 in
577 555 704 638 capella
733 556 773 621 de
803 553 1048 621 Bislrovesheim
1079 573 1120 619 en
1150 552 1325 620 donatione
1358 553 1520 634 quondam
1549 551 1693 634 Philippi
1722 550 1882 634 prepositi
1914 549 2051 617 ecclesie

396 669 523 745 vestre,
557 660 755 730 venerabilis
787 659 903 726 fratris
935 659 1071 726 nostri.
1099 714 1105 724 .
1140 658 1378 742 archiepiscopi
1409 658 1689 742 Mogontinensis‚
1722 655 1889 724 diocesani
1918 657 1994 724 loci.
2018 666 2051 722 et

397 768 533 852 capituli
564 768 616 836 sui
648 771 824 834 accedente
858 785 1028 845 consensu,
1064 774 1161 848 prout
1192 765 1226 831 in
1258 784 1369 831 eornm
1402 763 1524 830 litteris
1559 763 1686 846 plenius
1721 761 1842 830 dicitnr
1876 763 2050 844 contineri,

396 875 552 942 canonice
576 873 758 958 proponitis
781 893 841 942 vos
865 877 1012 957 adeptos,
1045 873 1129 939 sicut
1159 872 1239 938 illud
1262 871 1347 938 iuste
1375 890 1414 937 ac
1438 870 1573 954 pacifice
1604 869 1770 952 obtinetis,
1801 871 1896 939 vobis
1927 879 1961 937 et
1993 890 2053 953 per

394 1001 454 1049 vos
468 981 571 1049 eidem
588 981 725 1050 ecclesie
741 989 853 1049 vestre
870 980 1069 1048 auctoritate
1082 979 1265 1062 apostolica
1276 979 1503 1045 confirmamus
1516 983 1550 1043 et
1562 977 1726 1060 presentis
1738 975 1854 1060 scripti
1865 977 2052 1060 patrocinio

396 1088 635 1156 communimus.
683 1089 772 1155 Nulli
795 1107 872 1173 ergo
897 1087 1025 1155 omnino
1049 1085 1212 1153 hominum
1235 1085 1335 1151 liceat
1357 1087 1443 1150 hanc
1467 1085 1621 1168 paginam
1651 1092 1763 1150 nostre
1794 1084 2053 1154 confirmationis

395 1193 575 1281 infringere
598 1194 652 1262 vel
674 1195 705 1262 ei
728 1215 810 1262 ausu
834 1193 1008 1262 temerario
1033 1191 1207 1261 contraire.
1249 1192 1357 1274 Siquis
1380 1199 1490 1258 autern
1508 1193 1570 1258 hoc
1586 1197 1787 1275 attemptare
1803 1191 2052 1274 presumpserit

395 1302 653 1388 indignationem
676 1301 907 1385 omnipotentis
931 1301 983 1368 dei
1007 1307 1040 1366 et
1062 1302 1235 1366 beatorum
1249 1299 1340 1366 Petri
1364 1308 1398 1365 et
1412 1299 1507 1365 Pauli
1530 1299 1753 1382 apostolorum
1776 1298 1845 1365 eius
1869 1319 1903 1364 se
1921 1299 2053 1364 noverit

395 1409 610 1476 incursurum.
659 1410 781 1476 Datum
805 1408 974 1487 Laterani,
999 1407 1079 1474 llll.
1104 1406 1178 1472 idus
1201 1406 1287 1485 maii,
1313 1405 1524 1489 pontificatus
1547 1406 1654 1472 nostri
1676 1425 1762 1472 anno
1786 1405 1990 1472 duodecimo.

611 1551 656 1608 Or.
670 1551 758 1624 Ppout.
778 1551 827 1606 mit
845 1549 927 1606 noue
945 1567 982 1604 aa
999 1550 1156 1619 pclbrotlceo
1174 1549 1281 1603 Fora.
1300 1547 1340 1604 St.
1355 1550 1389 1603 A.
1404 1548 1455 1603 Fr.
1475 1547 1575 1603 aare».
1589 1547 1628 1602 st.
1648 1548 1702 1602 No.
1714 1551 1793 1602 2427.

609 1640 691 1698 θεάν.
710 1641 781 1696 noct
799 1641 858 1694 dem
880 1637 944 1695 Oa:
961 1640 1005 1707 Β,
1025 1643 1067 1708 64,
1086 1638 1204 1704 Ram,
1223 1637 1249 1707 1,
1270 1641 1328 1692 155.

613 1729 708 1785 Vera:
726 1729 860 1797 Pottlrart,
883 1729 1045 1784 No.10597.

396 1973 487 2050 113.
511 1982 658 2060 Bedunia,
685 1980 800 2063 Propst
815 2003 855 2044 au
872 1978 1065 2062 Prandium,
1089 1981 1172 2064 plebi
1193 1981 1250 2044 der
1264 1980 1451 2062 Seterlonp
1473 1979 1529 2043 des
1546 1979 1820 2044 Putrouolsrrclrts
1834 1984 1866 2043 in
1884 1979 2055 2060 Bischolls·

511 2091 592 2154 brim
622 2109 681 2153 ooo
711 2089 814 2153 Sedere
843 2090 945 2150 seinor
965 2086 1152 2172 Vorpc'iuper·
1176 2086 1305 2168 Philipp
1337 2087 1401 2150 und
1428 2086 1588 2170 b'r'epfrr'erl
1618 2109 1661 2150 ure
1690 2086 1751 2151 ‹lcrs
1774 2085 1986 2167 Sliflscopitel
2015 2111 2055 2149 ,ru

512 2195 696 2278 ,Franksurt
719 2198 802 2261 seiae
827 2194 1059 2279 Zusliuuuuap.
1108 2199 1195 2259 1238
1219 2194 1311 2259 Joni.

503 2338 683 2405 Reinaldus
714 2338 767 2404 dei
797 2337 908 2422 gratia
938 2335 1260 2403 Frankenlordensis
1291 2335 1427 2402 ecclesie
1458 2335 1654 2417 prepositus.
1702 2335 1922 2403 Ordinationi.
1956 2355 2056 2417 quam

397 2445 450 2528 pie
473 2444 625 2512 memorie
649 2443 797 2511 dominus
811 2445 836 2516 ll
853 2443 1023 2526 Philippus
1047 2450 1081 2509 et
1110 2438 1251 2509 Sifridns
1275 2441 1443 2526 prepositi.
1476 2445 1725 2524 predecessores
1756 2441 1872 2521 nostri,
1904 2444 1946 2507 de
1977 2462 2056 2508 con·

397 2570 495 2618 sensu
517 2550 716 2618 venerabilis
739 2549 859 2617 domini
887 2547 1000 2616 Siiridl
1023 2549 1209 2634 Mogontini
1228 2547 1251 2620 ll
1270 2548 1508 2630 archiepiscopi
1537 2556 1570 2614 et
1594 2547 1732 2630 capituli
1754 2547 1873 2613 ibidem
1901 2545 2055 2614 lecerunt

398 2677 496 2740 super
520 2657 658 2724 ecclesia
681 2657 715 2723 in
731 2656 998 2738 Bischovisheim,
1024 2657 1130 2740 ipsam
1154 2656 1306 2723 videlicet
1328 2656 1430 2721 libere
1446 2657 1469 2726 ll
1488 2653 1685 2722 conferendo
1701 2655 1924 2721 communibus
1940 2656 2058 2720 usibus

397 2763 539 2830 fratrum
556 2764 692 2831 ecclesie
707 2761 1038 2843 Franlrenlordensis
1064 2763 1202 2829 liberum
1218 2770 1251 2829 et
1268 2763 1480 2829 affectuosum
1496 2761 1687 2828 adhibemus
1703 2780 1905 2834 consensum.
1931 2761 2057 2827 intuito

398 2871 508 2940 divine
531 2870 813 2937 remunerationis.
854 2870 893 2937 ln
917 2868 1008 2936 cuius
1032 2869 1080 2936 rei
1108 2869 1306 2937 euidentiam
1330 2869 1506 2952 pleniorem
1530 2868 1688 2950 scripturn
1705 2887 1844 2950 presens
1855 2869 1917 2934 hoc
1940 2879 2057 2934 nostro

399 2978 505 3063 sigillo
530 2977 770 3044 communimus.
819 2978 940 3044 Datum
965 2996 1050 3042 anno
1075 2977 1196 3044 domini
1218 2977 1261 3042 Μ.
1286 2978 1346 3044 CC.
1367 2976 1576 3045 XXXVIII..
1601 2994 1712 3041 mense
1734 2974 1832 3040 iunio.

614 3119 660 3174 Or.
674 3119 761 3190 Ppmt.
781 3119 831 3174 mit
849 3118 1055 3189 uubdupeodem
1073 3116 1161 3187 Siepel
1178 3117 1225 3172 dea
1244 3118 1413 3186 Autotellcra
1438 3119 1481 3174 als
1499 3118 1601 3187 Proprt
1626 3133 1678 3171 ooo
1699 3117 1738 3171 St.
1753 3115 1867 3172 Sereno
1891 3118 1922 3171 iu
1941 3118 2057 3183 Erfurr.

665 3207 704 3263 St.
718 3209 753 3264 A.
769 3208 820 3262 Fr.
840 3207 932 3263 Rara
954 3207 993 3262 St.
1013 3207 1065 3260 Nr.
1079 3211 1158 3261 2429.

612 3297 695 3354 θεάν,
714 3297 785 3352 om
802 3297 861 3351 deu
882 3296 945 3353 Oa:
963 3296 1007 3362 Β,
1027 3301 1070 3364 64,
1089 3296 1206 3363 Reimea
1226 3297 1251 3364 I,
1272 3302 1331 3366 159,
1350 3312 1411 3351 erre.
1427 3297 1606 3364 Wdrdtrrer'u,
1625 3296 1719 3351 Dicet.
1733 3296 1816 3366 Moy„
1835 3295 1897 3364 ΙΙΙ,
1917 3299 1978 3350 126.

400 3542 491 3617 114.
515 3549 616 3632 Popst
641 3549 765 3633 (ἔνεμον
781 3547 844 3612 ΙΧ.
870 3549 1011 3612 «aaaron
1035 3549 1095 3613 ulle
1114 3549 1292 3632 (r'liiubr'perr
1315 3549 1371 3611 dor
1388 3549 1536 3612 diuinam·
1551 3548 1835 3630 Kir‹·lr‹¹rtpr·or·irrz‚
1858 3549 1927 3612 deur
1945 3551 2057 3628 stipu-

514 3657 625 3738 cupzlel
647 3677 688 3718 au
712 3653 897 3737 Fructificet
921 3658 974 3718 rrrr'l
999 3655 1147 3720 Alruosou
1171 3679 1231 3720 zur·
1256 3656 1568 3739 ll'iederirrr·stolluup
1598 3655 1655 3719 der·
1677 3655 1819 3738 dordr'peu
1843 3654 1966 3719 Kirelre
1991 3657 2058 3720 rrrrd

514 3764 599 3828 ilcrer
616 3761 753 3826 Terrore
770 3761 971 3833 beia-restricte,
999 3763 1062 3825 arad
1088 3764 1212 3826 rerlelbl
1234 3763 1314 3826 ‹rileu
1338 3763 1549 3827 ltolulrulorr
1572 3763 1629 3825 der
1645 3761 1766 3825 Korde
1788 3766 1874 3826 eiuro
1893 3767 2058 3846 trenusio-

514 3872 643 3953 tc'iyt'peu
666 3869 795 3932 Abluss
845 3867 985 3952 rictuque.
1012 3874 1099 3932 123⁸
1122 3871 1296 3951 September
1321 3876 1371 3934 ro.

507 4009 737 4094 {Gregoriust
773 4009 945 4092 episcopus
984 4029 1099 4078 servus
1135 4031 1304 4078 servorum
1338 4011 1399 4077 dei.
1445 4012 1616 4078 Universis
1652 4011 1774 4078 Christi
1809 4011 1960 4077 fidelibus
1996 4033 2058 4094 per·

398 4116 626 4202 Magantinam
650 4115 852 4199 provinciam
875 4115 1064 4182 constitutis
1088 4118 1226 4183 salutern
1242 4117 1266 4191 ll
1284 4127 1318 4184 et
1341 4119 1555 4201 apostolicam
1570 4118 1838 4184 benedictionem.
1879 4119 2055 4203 Quoniam.

398 4231 435 4290 ut
459 4223 507 4291 ait
531 4223 709 4305 apostolus,
744 4241 854 4288 omnes
886 4222 1045 4288 stabimus
1078 4231 1155 4289 ante
1186 4222 1331 4290 tribunal
1355 4224 1477 4290 llhristi
1509 4223 1683 4306 recepturi.
1718 4232 1816 4306 prout
1848 4223 1881 4289 in
1914 4245 2055 4307 corpore

398 4329 568 4416 gessimus
585 4327 608 4401 ll
626 4329 696 4396 sive
720 4330 838 4395 bonum
861 4328 961 4394 luerit
986 4329 1054 4396 sive-
1078 4330 1207 4412 malurn,
1232 4338 1362 4413 oportet
1386 4351 1446 4397 nos
1469 4331 1554 4397 diem
1581 4331 1751 4397 messionis
1767 4340 1912 4397 extreme
1927 4331 2057 4398 miseri-

398 4437 509 4505 oordie
533 4435 685 4520 operibus
717 4437 888 4519 prevenire
919 4456 959 4502 ac
990 4442 1176 4504 eternorum
1205 4437 1326 4504 intuitu
1342 4437 1366 4511 ll
1383 4438 1543 4504 seminare
1574 4439 1607 4504 in
1638 4439 1747 4504 terris
1779 4442 1862 4520 quod
1894 4441 2056 4504 reddente

399 4543 527 4610 domino
551 4563 624 4610 cum
646 4543 862 4626 multiplicato
886 4541 997 4609 fructu
1021 4543 1213 4628 recolligere
1229 4546 1406 4611 debeamus
1425 4545 1459 4611 in
1476 4545 1564 4619 celis,
1589 4545 1714 4611 firmam
1731 4565 1821 4628 spem
1836 4544 2056 4627 fiduciamque

399 4657 560 4732 tenentes,
585 4649 746 4733 quoniam,
772 4650 827 4732 qui
839 4669 938 4733 parce
958 4650 1107 4732 seminat,
1133 4671 1232 4733 parce
1248 4658 1283 4717 et
1298 4659 1408 4720 metet.
1434 4659 1468 4718 et
1484 4651 1539 4733 qui
1554 4651 1693 4717 seminat
1708 4651 1742 4717 in
1758 4651 2054 4719 benedictionibus.

399 4761 439 4824 de
462 4756 743 4824 benedictionibus
767 4764 801 4823 et
823 4762 925 4823 metet
948 4756 1050 4824 vitam
1075 4765 1231 4824 eternam.
1266 4760 1344 4823 llum
1361 4758 1472 4842 igitur,
1502 4759 1587 4825 sicut
1602 4759 1713 4825 dilecti
1728 4759 1786 4825 lilii
1802 4758 2056 4843 Rapmaldnsilr

399 4867 439 4931 de
454 4863 611 4946 Puzaffia,
637 4863 855 4930 subdiaconus
871 4871 993 4944 noster,
1008 4863 1204 4946 prepositus,
1222 4873 1256 4930 et
1272 4864 1450 4946 capitulum
1467 4865 1602 4932 ecclesio
1618 4863 1937 4932 Franckelordensis
1959 4867 2056 4932 nobis

399 4989 562 5053 exponere
586 4977 795 5052 curaverunt,
828 4973 940 5036 eadem
963 4970 1103 5037 ecclesia
1126 4978 1160 5036 et
1184 4978 1292 5037 turres
1319 4972 1431 5054 ipsius,
1463 4972 1496 5038 in
1527 4973 1645 5054 quibus
1668 4993 1827 5055 campane
1853 4975 2054 5056 pendebant.

398 5077 499 5145 nimia
522 5076 589 5144 sint
611 5083 779 5145 vetustate
804 5083 1003 5160 consumpte,
1034 5077 1083 5143 ita
1107 5081 1192 5159 quod
1216 5081 1256 5144 de
1280 5078 1426 5144 turribus
1452 5079 1533 5160 ipsis
1562 5079 1731 5162 campanis
1753 5079 1872 5145 amotis
1902 5083 1940 5145 de
1973 5101 2055 5146 casn

397 5187 607 5253 vehementer
631 5183 786 5251 timeatur
809 5204 930 5267 aarum,
956 5192 990 5250 et
1016 5204 1072 5250 eas
1095 5185 1278 5268 inceperint
1309 5205 1465 5268 reparare
1490 5206 1550 5252 nec
1582 5189 1623 5252 ad
1656 5185 1743 5252 tanti
1775 5187 2055 5254 consumationem

399 5292 508 5375 operis
538 5291 600 5359 sibi
630 5292 761 5375 proprie
793 5298 972 5374 suppetant
1001 5290 1190 5359 facultates.
1223 5291 1473 5358 universitatem
1504 5300 1649 5358 vestram
1680 5295 1873 5359 monendam
1902 5293 2055 5360 duximus

398 5399 559 5466 attentius
582 5406 616 5466 et
640 5399 845 5480 hortandam,
869 5399 904 5465 in
927 5399 1150 5466 remissionem
1172 5399 1267 5466 vobis
1286 5399 1508 5481 peccaminum
1524 5398 1795 5487 iniungelntes].⁸
1809 5399 1963 5482 quatinus
1979 5421 2054 5467 curn

397 5505 504 5573 nuntii
527 5506 747 5590 predictorum
771 5505 931 5588 prepositi
961 5513 993 5572 et
1017 5505 1154 5589 capituli
1179 5514 1314 5591 propter·
1344 5508 1404 5574 hoc
1435 5509 1477 5572 ad
1501 5527 1560 5576 vos
1590 5507 1791 5576 accesserint
1821 5507 2055 5576 helemosinanr

664 5723 688 5767 a)
702 5715 769 5762 Locis
782 5718 816 5761 ior
831 5716 909 5771 Parui.
