4400 6384
386 333 450 399 246
980 328 1047 384 1286
1066 328 1143 384 littra
1164 330 1195 383 17
1216 362 1248 371 -
1269 331 1338 384 1286
1357 330 1442 386 lidrz.

385 536 515 613 garunt.
570 528 609 593 In
642 527 733 593 cuius
766 526 814 594 rei
846 526 1076 609 testimonium,
1109 547 1168 592 nos
1201 528 1361 593 scultetus
1396 536 1429 595 et
1462 530 1589 596 scabini
1619 528 1742 612 prefati
1766 536 1813 617 ¹ad
1845 531 2037 615 peticionem

386 636 545 702 dictorum
569 636 609 701 R.
632 642 665 700 et
689 634 730 699 H.
753 634 893 717 sigillum
924 633 1071 700 civitatis
1102 635 1434 738 Frankenvordensis
1462 637 1670 739 presentibus
1692 638 1815 705 litteris
1838 646 1891 705 est
1913 661 2037 723 appen-

386 742 513 827 sumti),
571 745 688 807 Actum
724 748 758 807 et
793 742 904 807 datum
938 760 1023 807 anno
1057 741 1177 807 domini
1210 743 1250 807 dr.
1273 737 1316 808 o‘c.
1338 742 1548 826 LXXXVI,
1581 744 1615 810 in
1650 746 1765 829 vigilia
1800 748 2037 829 purificationis

385 856 500 915 sancte
524 848 638 914 Marie.

601 992 646 1045 Or.
661 992 747 1060 Ppmt.
786 991 847 1045 Dos
866 991 1041 1059 abbonpenrlc
1059 991 1148 1061 Siepel
1165 992 1201 1045 iat
1220 991 1380 1061 abpefollen.
1417 992 1563 1060 Mduclreo,
1584 994 1786 1048 Reicbaarcbiu.

386 1392 476 1470 509.
505 1400 635 1465 l'olmor
665 1418 725 1462 eon
754 1396 1265 1477 011111111111111,1111111
1293 1397 1343 1460 als
1368 1396 1494 1480 Psleper
1522 1398 1578 1459 des
1600 1396 1768 1479 Hospilals
1798 1402 1832 1462 in
1854 1398 2038 1483 Frankseot

501 1508 570 1573 dem
593 1503 725 1568 Kloster
748 1502 920 1586 Arnsburp
943 1507 1097 1585 penaunce
1120 1503 1301 1588 ll'er'oberpc
1324 1504 1371 1567 bei
1394 1504 1641 1585 Bisebofsbeim.
1689 1510 1777 1569 1286
1800 1507 1898 1571 lllc'r're
1923 1515 1973 1572 17.

437 1650 446 1684 ³
493 1650 614 1714 Notum
645 1644 687 1711 sit
719 1644 867 1710 omnibus
891 1650 1062 1726 presentes
1085 1644 1217 1711 litteras
1241 1644 1449 1726 inspecturis,
1475 1648 1559 1726 quod
1585 1666 1644 1729 ego
1669 1647 1842 1713 Folmarus
1866 1648 1975 1715 dictus
1998 1654 2037 1716 de

387 1756 557 1825 tlbinbaclr
574 1751 727 1818 scabinus
740 1751 1061 1817 Frankenlordensis
1078 1759 1111 1817 et
1124 1752 1349 1833 procullrator
1359 1752 1532 1835 hospitalis
1544 1752 1673 1834 ibidem,
1688 1758 1864 1821 accedente
1878 1776 2037 1822 consensu

386 1874 418 1932 et
442 1865 612 1932 voluntate
637 1858 839 1924 confratrum
864 1878 903 1923 ac
927 1878 1074 1924 sororum
1097 1858 1131 1923 in
1155 1858 1219 1924 iam
1243 1860 1330 1925 dicto
1349 1859 1506 1942 hospitali
1522 1860 1745 1942 existencium,
1762 1862 1897 1929 vendidi
1912 1866 1994 1929 duos
2010 1866 2036 1937 11

385 1971 530 2038 iurnales
554 1974 587 2034 et
611 1973 762 2048 quartam
787 1972 914 2047 partem
938 1964 1034 2030 unius
1056 1964 1195 2030 iurnalis
1218 1966 1388 2032 vinearum
1412 1966 1494 2032 sitos
1518 1970 1604 2049 apud
1621 1968 1845 2035 Biscofisbeim
1861 1970 2035 2037 domino..

386 2077 500 2146 abbati
524 2082 557 2141 et
581 2072 758 2141 conventui
780 2075 820 2137 de
835 2072 1039 2154 Arnsllburg
1063 2092 1123 2153 pro
1148 2074 1258 2138 decem
1281 2073 1401 2139 marcis
1425 2080 1458 2139 et
1482 2073 1615 2139 dimidia
1638 2083 1797 2157 perpetuo
1814 2078 2036 2158 possidendos.

386 2185 447 2252 tali
475 2182 664 2250 condicione
694 2199 861 2261 expressa,
894 2181 977 2259 quod
1010 2178 1134 2261 prelati
1163 2178 1311 2245 dominus
1335 2181 1439 2246 abbas
1463 2188 1496 2246 et
1520 2190 1701 2249 conventus
1725 2183 1863 2266 singulis
1887 2184 1983 2249 annis
2005 2186 2037 2251 in

386 2293 437 2358 die
461 2289 551 2356 beati
574 2286 711 2353 Martini
733 2284 933 2362 contessoris
957 2288 1038 2351 duos
1062 2285 1215 2351 denarios
1238 2286 1320 2353 levis
1344 2294 1474 2352 monete
1490 2288 1680 2369 supradicto
1697 2290 1855 2371 hospitali
1870 2291 2038 2374 porrigere

386 2420 450 2465 non
481 2395 664 2474 obmittant,
695 2392 858 2474 hospitale
889 2398 998 2457 autem
1029 2394 1070 2457 ab
1095 2392 1169 2457 aliis
1192 2391 1317 2458 iuribus
1342 2398 1375 2457 et
1400 2394 1638 2477 exaccionibus,
1665 2396 1693 2460 si
1717 2416 1779 2477 que
1802 2396 1936 2464 racione
1959 2398 2039 2464 iuris

386 2501 577 2571 hereditarii
593 2520 613 2566 a
629 2498 828 2581 supradictis
845 2498 949 2565 vineis
970 2505 1213 2580 expeterentur,
1231 2506 1428 2564 memoratos
1444 2501 1604 2567 dominum
1622 2504 1776 2568 abbatem
1793 2510 1825 2569 et
1843 2513 2038 2571 conventum

387 2614 502 2679 reddet
525 2609 644 2674 liberos
669 2614 702 2672 et
724 2606 923 2689 indempnes.
961 2608 1077 2672 Testes
1100 2606 1196 2671 huius
1219 2606 1268 2671 rei
1291 2614 1383 2671 sunt:
1410 2608 1582 2673 cunradus
1606 2608 1714 2675 dictus
1737 2609 1896 2692 Webelin,
1923 2612 2038 2693 Gipelo

387 2720 494 2785 dictus
518 2720 557 2781 de
582 2713 771 2795 Holzhusin,
803 2714 998 2780 Ludewicus
1022 2713 1278 2786 Iluclrmeclrere,
1310 2714 1476 2779 Arnoldus
1506 2714 1613 2780 dictus
1637 2716 1676 2781 de
1701 2717 1882 2800 Glouburg,
1914 2717 2039 2783 scabini

387 2822 726 2901 Frankenlordenses,
759 2828 792 2887 et
822 2820 879 2886 alii
908 2840 1005 2902 quam
1036 2820 1147 2901 plures
1177 2819 1341 2902 fidedigni.
1397 2821 1435 2885 ln
1467 2820 1559 2885 cuius
1589 2821 1692 2888 eciam
1721 2820 1805 2888 facti
1838 2824 2037 2890 evidencimu

387 2930 563 3014 sepedictis
593 2929 721 2994 domino
752 2928 865 2993 abbati
897 2934 930 2992 et
961 2926 1137 2994 conventui
1166 2926 1239 2991 dedi
1269 2946 1403 3008 presens
1428 2927 1585 3009 scriptum
1609 2928 1790 3011 sigillorum
1812 2930 2038 2998 universitatis

388 3040 504 3106 civium
536 3034 896 3103 Frankenlordensium
927 3054 965 3098 ac
996 3032 1155 3115 sepedicti
1186 3032 1358 3113 hospitalis
1391 3034 1589 3115 appensione
1622 3035 1860 3101 communitum.
1919 3038 2037 3103 Datum

389 3167 475 3213 anno
500 3142 619 3209 domini
643 3144 683 3207 rir.
705 3163 747 3207 cc.
772 3139 972 3221 Lxxxt'l,
998 3140 1089 3206 Xl'l.
1111 3140 1271 3205 kalendas
1292 3140 1415 3221 apurilis.

603 3286 648 3338 Or.
664 3286 750 3354 Pprul.
789 3282 1450 3351 1110810911111119110111011111110111001
1469 3284 1658 3349 Leinensdderr
1678 3302 1723 3338 01.
1762 3287 1838 3340 Lieb.

601 3374 700 3428 Gella:
718 3374 761 3438 B,
781 3371 997 3425 2071101111
1021 3372 1066 3424 Or.
1080 3388 1115 3423 eu
1135 3375 1205 3424 1:¹32
1223 3372 1307 3424 Mein·
1326 3376 1368 3437 17,
1388 3373 1488 3427 Aruab.
1504 3374 1595 3441 {sel-o,
1616 3378 1675 3441 139,
1704 3375 1822 3442 Reimer,
1842 3376 1866 3442 1,
1886 3381 1948 3443 458,
1967 3376 2035 3429 bcr'de

653 3462 752 3531 riclrtr'p
770 3479 805 3514 zu
825 3464 893 3515 1286
913 3460 996 3513 Mlier
1015 3464 1056 3513 17.
1094 3460 1166 3513 Hier
1185 3460 1339 3514 reierlerbolt
1357 3462 1427 3516 uucb
1446 3462 1562 3515 Reirrrer.

606 3552 697 3605 Vera:
716 3550 837 3619 Doppell
855 3566 888 3603 zu
910 3548 1135 3613 terrendorum,
1164 3548 1269 3616 Scriba,
1288 3550 1306 3601 1
1314 3548 1361 3617 V',
1381 3551 1434 3604 No.
1448 3555 1518 3605 3551
1536 3553 1595 3607 und
1613 3556 1691 3607 3571.

387 3913 478 3990 510.
501 3920 574 3986 Dos
603 3918 821 4000 Froolcfentor
843 3916 1054 3999 Stiftsbnpilol
1084 3920 1312 4001 ocrerlpmclrtet
1341 3924 1410 3987 doru
1436 3918 1791 3983 Deulscbordensbouse
1820 3922 2030 3986 118101011-

502 4030 623 4093 lacessere
652 4030 736 4091 seiae
767 4027 813 4090 bci
837 4024 982 4108 Dielmrp
1011 4026 1491 4112 911191111111111οΚ111011019
1519 4048 1618 4111 pepon
1644 4030 1711 4091 eine
1728 4026 1887 4106 jdbrlicbe
1910 4028 2031 4112 Abyale

503 4138 605 4199 1015
629 4134 793 4217 8011111119.
842 4137 929 4196 12811
952 4132 1059 4196 Mlier.

493 4278 561 4343 Nos
579 4328 584 4340 .
605 4328 610 4340 .
629 4278 772 4340 decanus
795 4280 963 4355 totumque
983 4275 1163 4357 capitulum
1188 4278 1324 4344 ecclesie
1340 4275 1656 4345 Frankinlordensis
1672 4281 1784 4341 notum
1801 4294 1873 4341 esse
1891 4275 2027 4357 cupimus

388 4393 421 4451 et
452 4391 564 4450 tenore
595 4381 798 4465 presencium
816 4380 840 4455 ll
860 4388 1091 4465 protestamur,
1123 4387 1209 4465 qnod
1240 4405 1298 4451 nos
1328 4384 1546 4451 molendinum
1577 4381 1714 4447 ecclesie
1744 4389 1858 4447 nostre
1893 4381 2027 4465 predicte

386 4493 457 4558 iure
482 4489 699 4573 proprietario
724 4488 927 4571 attinentem,
953 4488 1075 4555 dictum
1098 4490 1328 4575 Kistilbergh⁸
1347 4492 1370 4564 ll
1389 4495 1476 4573 apud
1500 4488 1653 4571 Dippurg
1674 4488 1782 4566 situm,
1816 4492 1902 4568 quod
1926 4488 2028 4553 Fride

387 4600 474 4664 ricus
499 4597 606 4663 dictus
631 4596 734 4677 Ocalp
759 4590 914 4678 possidet,
940 4596 1159 4663 concessimus
1182 4598 1329 4664 unanimi
1352 4616 1513 4664 consensu
1536 4603 1571 4661 et
1594 4594 1667 4677 pari
1690 4595 1862 4662 voluntate
1882 4592 2028 4668 11111-

388 4705 493 4771 tribus
524 4707 636 4770 domus
667 4702 868 4768 'Phcutonice
899 4701 933 4767 in
963 4703 1174 4769 Sassinhusin
1197 4704 1269 4770 iure
1300 4703 1499 4770 hereditario
1524 4702 1775 4784 inperpetuum
1799 4702 2025 4783 possidendum.

387 4814 441 4879 lta
473 4820 592 4893 tamen,
624 4813 710 4891 quod
741 4810 881 4892 predicti
911 4808 1043 4891 iratres,
1075 4810 1132 4892 qui
1161 4831 1221 4895 pro
1252 4819 1398 4894 tempore
1428 4808 1562 4890 fuerint,
1591 4808 1685 4874 nobis
1709 4816 1743 4874 et
1766 4808 1903 4874 ecclesie
1925 4812 2027 4873 nostre

387 4918 576 5001 supradicte
600 4917 741 4999 quinque
766 4916 886 4983 solidos
910 4916 993 4984 levis
1016 4925 1146 4984 monete
1170 4919 1340 4984 annuatim
1365 4924 1523 5000 perpetuo
1547 4916 1580 4982 in
1603 4915 1689 4981 festo
1709 4914 1800 4981 beati
1815 4913 1946 4981 Martini
1961 4931 2028 4993 per-

387 5026 525 5093 solvent.
561 5025 600 5090 In
625 5024 717 5089 cuius
740 5024 787 5090 rei
812 5023 1011 5092 evidentiam
1037 5032 1071 5089 ct
1093 5027 1194 5090 robur
1217 5032 1409 5108 perpetuum
1427 5024 1568 5107 sigillum
1585 5021 1721 5088 ecclesie
1735 5029 1847 5087 nostre
1863 5025 2028 5087 memorate

387 5132 537 5198 duximus
561 5131 769 5214 presentibus
793 5134 1030 5213 apponendum.
1066 5134 1188 5198 Actum
1211 5139 1245 5199 et
1268 5136 1379 5198 datum
1401 5151 1487 5198 anno
1504 5129 1624 5197 domini
1648 5130 1688 5194 rb.
1706 5122 1747 5195 ab.
1766 5128 1901 5193 lxxx.
1918 5122 2028 5202 sento,b

386 5260 496 5306 mense
520 5238 648 5304 martio.

602 5380 647 5435 Or.
664 5380 751 5450 Ppmt.
771 5380 809 5433 im
829 5378 1106 5436 1111111111.
1127 5412 1159 5419 -
1181 5381 1339 5447 Gratescud.

601 5470 701 5524 Gedc:
719 5470 764 5538 B,
782 5472 836 5522 224
854 5471 924 5524 narb
943 5470 999 5523 1101
1023 5470 1069 5525 Or.
1091 5513 1096 5526 .
1135 5473 1264 5542 Auscup:
1282 5471 1396 5539 Steiner,
1416 5470 1559 5539 Bacbpau,
1578 5468 1641 5536 III,
1661 5473 1721 5525 173.

605 5558 699 5613 Vera:
718 5558 823 5627 Scriba,
843 5560 869 5627 1,
888 5559 1016 5614 1110604.
1662 5558 1669 5571 '

653 5734 871 5788 sp,1(irttluergh·
893 5748 935 5777 ron
958 5735 1063 5779 eadmer
1076 5734 1155 5779 Hand
1168 5738 1217 5791 uus
1227 5736 1295 5780 einer
1310 5735 1393 5779 latete
1408 5736 1594 5788 nacuperrapen.
1623 5736 1648 5782 bl
1661 5734 1717 5779 Vom
1734 5734 1865 5777 Schrer'ber
1877 5730 1975 5787 sopletct
1986 5728 2033 5769 m'!

598 5805 707 5857 pletcber
724 5806 796 5848 Time
810 5819 855 5848 ores
869 5809 981 5859 ,qmntor
997 5808 1121 5860 cor-ripert.
