4400 6384
769 306 839 360 1246
858 305 914 360 Mai
933 335 961 346 -
986 305 1056 359 1246
1075 304 1143 360 Juni
1162 304 1204 360 26.
1773 305 1813 369 71

159 503 189 570 si
213 507 320 570 mater
342 503 410 569 filia
433 503 567 571 vivente
591 504 731 568 humane
756 501 954 569 condicionis
978 501 1124 568 debitum
1154 501 1341 583 compleret,
1374 500 1481 566 dictus
1510 519 1644 567 mausus
1675 499 1815 582 priorem

157 611 264 676 locum
289 610 462 676 sorciatur.
516 609 614 676 Salvo
639 618 748 675 tamen
773 629 819 690 eo,
853 612 937 691 quod
962 608 1222 692 prenominatum
1254 608 1433 674 claustrum
1463 610 1503 674 de
1533 607 1681 674 omnibus
1710 607 1814 688 bonis,

131 736 222 805 uque
246 719 360 782 cadem
384 715 515 782 domina
538 722 613 798 post
637 714 761 782 obitum
786 735 879 782 suum
903 716 1067 797 relinquit,
1093 715 1228 782 similem
1253 714 1390 796 recipiet
1410 713 1596 796 porcionem
1612 713 1698 779 siout
1714 713 1817 780 ceteri

158 823 346 890 coheredes.
393 824 552 889 Preterea
582 829 695 889 notum
725 822 769 888 sit
801 822 954 909 cuntistl)
985 822 1080 888 huius
1110 822 1222 888 littere
1246 821 1505 904 inspectoribus,
1537 822 1622 902 quod
1652 819 1816 886 Henricus

157 930 267 996 dictus
291 934 331 998 de
354 929 521 996 Holzusen
546 929 627 996 civis
649 929 683 994 in
707 928 936 996 Frankenfurt
955 928 1111 1012 'sepefato
1135 929 1291 1011 claustro,
1317 948 1389 995 cum
1411 928 1480 994 filia
1502 948 1564 995 sua
1584 927 1704 994 ibidem
1727 927 1817 1014 vela

156 1045 261 1119 retur,
304 1037 338 1104 in
373 1035 466 1103 ouria
501 1056 561 1102 sua
596 1035 761 1102 Erlebach
793 1037 827 1102 X
863 1036 985 1102 octalia
1015 1034 1155 1119 siliginis
1185 1035 1281 1102 annis
1311 1035 1448 1119 singulis
1479 1034 1673 1119 assignavit.
1719 1034 1817 1100 Hanc

156 1151 269 1211 tamen
293 1143 514 1210 condicionem
538 1143 717 1225 subiunxit,
742 1149 780 1209 ut
803 1143 831 1209 si
855 1143 959 1209 eidem
983 1144 1128 1209 claustro
1152 1141 1231 1208 alibi
1253 1141 1287 1208 in
1305 1147 1399 1207 tanto
1417 1142 1600 1224 provideat,
1625 1141 1716 1208 dicta
1730 1142 1817 1208 bona

155 1251 192 1316 in
215 1251 381 1318 Erlebach
403 1250 508 1317 libera
534 1251 601 1316 sint
626 1249 756 1332 penitus
780 1255 814 1315 et
837 1256 998 1332 exempta.
1047 1249 1165 1314 Testes
1188 1248 1285 1315 huius
1308 1247 1357 1315 rei
1381 1253 1474 1314 sunt:
1506 1247 1702 1314 Eberwinus
1733 1248 1817 1314 soul-

158 1364 250 1424 tetus
272 1357 306 1423 in
330 1355 588 1438 Franckenfurt,
614 1357 785 1423 lohannes
802 1356 962 1438 Golstein,
988 1357 1214 1436 Baldemarus,
1239 1356 1408 1422 Walterus
1432 1355 1540 1421 dictus
1564 1358 1604 1421 de
1628 1355 1815 1437 Mersevelt,

158 1467 333 1532 Corradus
360 1468 399 1531 de
424 1463 622 1546 Giscnheim,
655 1463 819 1529 Henricus
843 1463 1066 1544 Cloheloebus‚
1097 1462 1304 1528 Beehdoldus
1336 1465 1376 1528 de
1399 1462 1638 1545 Heldebergeu,
1663 1460 1816 1544 Wigerus

157 1575 200 1637 de
220 1571 401 1652 Ovinbach,
426 1571 630 1637 Hartmudus
655 1573 695 1636 de
719 1569 826 1636 Nitde.
867 1570 913 1636 Ut
937 1575 1046 1636 autem
1069 1569 1130 1635 hec
1154 1587 1281 1651 semper
1304 1575 1460 1634 maneant
1482 1568 1655 1649 indivulsa,
1681 1587 1816 1650 presens

156 1678 274 1745 littera
297 1677 546 1762 sigillo'civiurn
571 1674 950 1744 Franckeniordensium
974 1681 1026 1742 est
1049 1674 1184 1741 munito.
1311 1678 1313 1681 ’

376 1821 421 1876 Or.
435 1821 523 1890 Pgmt.
552 1820 615 1874 Dae
642 1819 730 1889 Sieqel
756 1818 829 1884 fehlt.
867 1817 905 1871 In
932 1817 1014 1872 dorso
1039 1833 1090 1871 oon
1116 1821 1241 1886 ephterer
1268 1817 1364 1872 Hand.
1405 1817 1462 1886 „De
1488 1832 1542 1871 uno
1567 1831 1662 1870 manso
1687 1815 1716 1868 in
1734 1815 1817 1870 Holz·

426 1909 512 1963 husen
531 1915 560 1962 et
577 1907 670 1961 XIHI.
690 1906 825 1961 octalibur
844 1905 963 1974 siliginis
981 1906 1010 1959 in
1029 1904 1171 1959 Erlebaeh.
1205 1905 1281 1960 Cella
1299 1905 1593 1960 Franhenlurdensis“.
1631 1905 1670 1960 St.
1681 1905 1715 1960 A.
1732 1905 1817 1960 Wien-

427 1998 522 2052 baden
561 1997 735 2067 Homburger
758 1997 876 2052 ura-
901 1996 961 2050 Vorr
979 1996 1142 2051 Nathueiua

159 2288 253 2363 142.
276 2296 386 2380 Kdrrc'p
410 2295 549 2361 Korerud
565 2295 589 2358 Ι
590 2295 627 2358 V.
653 2295 766 2360 crhisst
789 2297 849 2360 den
871 2292 1090 2374 Frnnhfrrrtor
1109 2292 1263 2376 Biirperrr
1286 2295 1320 2355 in
1335 2290 1510 2374 Anselurnp
1533 2291 1619 2355 ihrer
1643 2291 1819 2355 bewdhrten

278 2404 378 2468 Trcoe
408 2425 469 2468 orvs
501 2403 697 2467 besontierem
726 2401 872 2485 Arrftrop
902 2403 1002 2464 seirres
1023 2399 1136 2463 Veto-rs
1166 2399 1248 2463 allen
1278 2398 1422 2464 Schoderr
1451 2398 1517 2461 ond
1546 2397 1596 2461 die
1619 2395 1816 2481 Verleteurm,

279 2511 387 2576 melche
417 2515 462 2575 sie
493 2511 539 2574 bei
568 2510 624 2573 der
645 2508 831 2593 Vertilpnrrp
863 2509 919 2572 dor
942 2507 1050 2572 diaden
1082 2510 1116 2569 io
1143 2504 1327 2586 Frorr-hfart
1359 2504 1408 2568 ols
1439 2505 1631 2588 hb'rriqlicher
1649 2503 1817 2568 Kommer·

276 2619 400 2682 hneehte
424 2617 585 2701 heynnperr
607 2617 708 2680 habea
730 2617 871 2680 threaten.
919 2615 1112 2697 Rotenburg,
1139 2617 1225 2677 1246
1248 2612 1331 2676 Mai.

269 2761 439 2825 Corradus
462 2756 530 2826 diui
554 2756 686 2840 augusti
701 2755 911 2838 imperatoris
927 2753 1089 2821 Friderici
1104 2753 1200 2836 filius,
1225 2753 1278 2820 dei
1296 2751 1407 2837 gratia
1422 2752 1643 2818 Romanorum
1658 2751 1692 2817 in
1708 2770 1819 2836 regem

160 2866 295 2948 electus,
331 2884 459 2947 semper
489 2860 650 2947 augustus
680 2870 714 2929 et
728 2861 753 2935 ll
770 2863 866 2929 heres
897 2861 991 2945 regni
1014 2859 1209 2928 Jerusalem.
1249 2860 1320 2926 vPer
1350 2877 1488 2942 presens
1518 2858 1677 2940 seriptum
1706 2864 1818 2925 notum

160 2972 302 3040 lechnus
325 2971 488 3038 universis
511 2969 639 3053 imperii
661 2969 810 3036 fidelibus
841 2976 910 3036 tam
940 2966 1012 3051 pre!
1018 2967 1179 3043 lsentibus
1207 2987 1304 3048 quam
1333 2965 1465 3048 futuris,
1496 2967 1582 3047 quod
1613 2985 1671 3048 pro
1702 2965 1817 3032 merito

159 3079 238 3146 fidei
260 3087 294 3146 et
318 3078 500 3146 devotionis
524 3077 643 3146 civium
659 3084 846 3144 nostrorum
862 3079 901 3142 de
916 3073 1154 3156 Frankenfurt,
1180 3077 1390 3140 attendentes
1404 3072 1429 3145 ll
1448 3091 1575 3154 quoque
1593 3091 1704 3138 eorum
1720 3077 1819 3155 grata

161 3185 313 3268 servicia,
342 3205 404 3267 que
421 3185 670 3266 omnitempore
686 3182 814 3251 domino
831 3182 922 3266 patri
936 3188 1060 3263 nostro,
1084 3180 1349 3264 progenitoribus
1366 3179 1435 3246 eius
1452 3186 1486 3245 ct
1500 3178 1595 3245 nobis
1610 3177 1819 3245 devotissime

161 3292 380 3376 prestiterunt
410 3299 444 3359 et
477 3292 614 3358 inantea
637 3297 787 3374 prestare
819 3295 974 3372 poterunt
1005 3287 1165 3372 gratiora,
1197 3286 1398 3354 auctoritate
1428 3305 1468 3352 ac
1498 3285 1634 3368 speciali
1662 3287 1818 3351 mandato

161 3399 361 3467 serenissimi
384 3399 509 3465 cesaris
532 3397 654 3464 dornini
676 3397 782 3480 patris
807 3395 922 3477 nostri,
948 3395 1042 3462 nobis
1066 3397 1155 3476 apud
1171 3393 1277 3476 ipsum
1294 3413 1353 3476 pro
1369 3391 1451 3475 ipsis
1466 3391 1592 3459 civibus
1608 3391 1819 3458 devotissime

161 3505 434 3589 supplicantibus
466 3503 647 3580 remisimus
670 3503 717 3570 eis
742 3523 867 3570 omnem
890 3521 1010 3572 noxam
1033 3508 1067 3567 et
1092 3500 1121 3566 si
1144 3519 1241 3582 quam
1264 3499 1421 3566 offensam
1443 3498 1507 3565 visi
1530 3504 1607 3564 sunt
1635 3497 1701 3580 ipsi
1729 3497 1819 3564 cives

160 3614 195 3680 in
220 3616 329 3680 cedem
346 3619 380 3678 et
396 3611 622 3679 exterminium
637 3611 806 3677 iudeorum
822 3613 862 3676 de
878 3607 1118 3690 Frankenfurt,
1137 3627 1306 3674 servorum
1323 3628 1451 3674 camere
1467 3612 1588 3688 nostre,
1614 3604 1819 3689 negligenter

161 3727 196 3787 et
220 3719 450 3802 contingenter
479 3718 589 3800 potius
618 3736 716 3800 quam
738 3716 923 3784 voluntarie
947 3715 1155 3782 commisisse.
1204 3716 1253 3782 De
1277 3715 1535 3781 habundantiori
1558 3732 1684 3796 quoque
1708 3711 1819 3796 gratia
1872 3737 1876 3743 ’

161 3824 366 3893 celsitudinis
389 3830 501 3891 nostre
526 3822 745 3906 promittimus
769 3823 825 3904 eis,
852 3842 950 3904 super
967 3821 1150 3888 huiusmodi
1166 3821 1290 3905 scripto
1307 3821 1506 3888 remissionis
1522 3828 1556 3888 ct
1571 3819 1817 3904 gratianostre,

161 3931 369 4016 privilegium
391 3929 601 4012 imperatorie
624 3928 809 3996 maiestatis
832 3927 1205 4018 liberaliterinpetrare
1230 3949 1288 4011 pro
1311 3929 1457 4011 ipsorum
1473 3927 1591 3995 civium
1615 3932 1648 3993 et
1663 3926 1819 3992 heredum

161 4059 295 4107 suorum
319 4043 481 4120 perpetua
504 4035 692 4102 securitate.
740 4037 793 4102 Ad
817 4036 912 4102 huius
935 4035 1048 4116 itaque
1072 4034 1272 4101 remissionis
1296 4042 1408 4101 nostre
1439 4034 1625 4101 memoriam
1656 4039 1689 4099 et
1719 4033 1819 4098 robur

161 4147 367 4230 inposterum
390 4142 578 4224 valiturum,
604 4162 739 4225 presens
763 4141 921 4224 scriptum
945 4143 1016 4208 fieri
1040 4148 1073 4207 et
1097 4141 1203 4226 sigillo
1228 4149 1340 4209 nostre
1361 4141 1550 4209 serenitatis
1564 4140 1718 4207 iussimus
1734 4157 1818 4205 com·

160 4251 290 4320 muniri.
338 4251 460 4316 Datum
485 4252 573 4332 apud
597 4249 805 4316 Rotinhurc.
838 4251 934 4315 Anno
959 4249 1118 4316 dominice
1141 4249 1379 4316 incarnationis
1403 4248 1570 4315 millesimo
1597 4245 1817 4314 ducentesimo

160 4355 414 4442 quadragesimo
439 4362 542 4438 sexte,
567 4376 677 4422 mense
701 4356 786 4438 maii,
813 4361 929 4438 quarte
953 4354 1151 4421 indictionis
1192 4402 1196 4407 ,

335 4495 338 4498 ’
380 4499 425 4555 Or.
437 4499 524 4568 Pymt.
538 4499 586 4553 mit
599 4498 687 4569 Sieqel
700 4516 737 4554 aa
750 4499 903 4570 rothgelbea
916 4498 1107 4565 Seidensdderr.
1123 4497 1162 4552 bt.
1172 4499 1207 4552 A.
1221 4499 1270 4552 Fr.
1286 4498 1361 4552 Pri-n.
1372 4499 1425 4552 No.
1437 4502 1461 4552 7.
1477 4497 1570 4551 Vera:
1582 4497 1633 4550 Fr.
1642 4496 1712 4562 Ina,
1722 4495 1784 4562 ΙΙΙ,
1794 4498 1818 4546 1.

332 4597 337 4604 ⁴
378 4588 477 4643 oeae.-
495 4588 528 4642 P.
542 4593 566 4642 a
577 4588 619 4653 r.
635 4587 660 4653 r,
675 4592 701 4656 4,
714 4587 752 4656 rr,
766 4591 790 4642 4.
813 4587 923 4655 stunc
936 4587 1066 4642 veducus
1078 4587 1476 4657 Dabronrdipteiren,11,41.
1498 4586 1601 4654 consp,
1614 4585 1649 4639 n.
1659 4585 1694 4638 A.
1706 4588 1748 4652 13,
1758 4585 1818 4637 sse.

430 4677 474 4745 B.‚
494 4680 529 4732 76
547 4677 694 4731 rachelem
715 4676 761 4731 Or.

383 4766 474 4820 Vera:
502 4766 587 4820 M.
609 4765 660 4820 No.
674 4769 752 4820 4506.
794 4763 953 4833 Grotefead
974 4765 1024 4818 Fr.
1036 4765 1139 4832 aliut,
1155 4765 1203 4832 VI,
1222 4767 1294 4833 6017.

159 5029 256 5132 143.
283 5063 383 5145 Pupst
405 5025 601 5138 Innocrrrrl
607 5063 641 5126 V.
666 5063 785 5126 ortem
809 5062 892 5125 ollem
917 5061 1107 5144 Gldubipco,
1137 5061 1246 5124 eoricho
1268 5061 1329 5124 elem
1351 5059 1604 5124 Dominilurrerm
1631 5082 1672 5123 eu
1696 5059 1819 5122 Frurrh-

280 5173 350 5251 furt
378 5193 438 5234 zur·
458 5170 655 5254 Vellendurrp
686 5171 772 5242 ihrer
793 5167 1065 5252 Klostrryebriurlr
1097 5169 1161 5231 und
1191 5190 1231 5230 zu
1262 5169 1360 5231 ihrrm
1397 5167 1559 5232 Ueteri-oli
1589 5171 1644 5230 mit
1670 5167 1820 5230 Abnosrrc

281 5276 449 5357 bohiilflich
474 5278 557 5356 siml,
582 5279 699 5358 edvvio
726 5276 812 5358 Topc
836 5275 965 5340 Adiuro.
1012 5274 1114 5357 Lporr,
1140 5280 1227 5338 1246
1249 5275 1332 5339 June·
1354 5281 1407 5338 26.

271 5417 483 5484 Innocentius
508 5417 680 5499 episcopus
705 5436 820 5484 servus
845 5435 1012 5483 servorum
1037 5417 1098 5482 dei.
1140 5415 1311 5484 Universis
1332 5416 1454 5482 Christi
1476 5415 1625 5481 fidelihus
1649 5420 1819 5496 presentes

158 5527 296 5592 litteras
318 5524 517 5606 inspecturis
540 5524 679 5591 salutem
703 5531 736 5590 et
753 5522 967 5606 apostolicam
983 5522 1252 5589 benedictionem.
1287 5522 1456 5608 Quoniam,
1481 5530 1518 5588 ut
1532 5521 1558 5594 ll
1575 5521 1623 5588 ait
1639 5521 1817 5603 apostolus,

159 5650 276 5700 omnes
299 5629 459 5697 stabimus
483 5637 560 5696 ante
580 5630 726 5696 tribunal
739 5629 869 5711 Christi,
895 5630 1061 5712 recepturi
1085 5638 1183 5711 prout
1206 5630 1238 5695 in
1264 5649 1400 5712 corpore
1424 5628 1583 5713 gessimus
1607 5628 1677 5695 sive
1700 5630 1819 5694 bonum

157 5737 266 5807 fuerit
290 5737 359 5805 sive
375 5737 503 5819 malum,
529 5743 660 5820 oportet
676 5757 736 5804 nos
751 5735 775 5812 ll
793 5737 876 5804 mem
893 5736 1062 5803 messionis
1079 5743 1224 5803 extreme
1240 5735 1462 5803 misericordie
1478 5736 1630 5819 operibus
1647 5735 1818 5818 prevenire
