4400 6384
797 288 866 343 7777
886 320 912 328 -
939 289 1007 343 7777
1026 289 1149 344 aeorum
1168 290 1209 345 16.
1765 293 1829 361 183

172 484 416 566 377.117771771[
446 485 721 551 77771177177771771
752 486 1030 573 ((17Η7177771717)
1062 489 1127 553 777771
1157 492 1240 554 scine
1263 487 1533 555 Fraomarium
1563 490 1830 555 771777777177777777

290 600 388 663 7177777
418 592 588 677 8717777777·
617 593 802 675 1177777771
835 594 934 659 (111177
963 596 1262 661 77711771717777177777
1291 597 1508 681 77777111777777
1536 618 1635 681 peperi
1663 596 1765 661 solrbe
1795 599 1830 660 177

291 704 494 769 11717171771777.
548 700 597 765 Ε7
627 701 745 783 71797177
774 700 838 765 Aba
868 701 1023 767 1171771717
1052 724 1113 767 oon
1141 703 1264 783 Hniao,
1295 704 1356 769 71777
1378 703 1597 786 11777711777177
1619 704 1830 785 Stiftslcnpitcl

292 812 355 877 777771
377 811 427 875 (lic
450 809 542 875 Stadt
565 807 749 890 Fronkfnrt
773 805 1008 895 (universitas).
1058 815 1154 875 1276.

387 942 469 999 Gedr.
483 941 554 996 7777717
578 941 637 995 dnn
663 940 793 995 Hcinoer
818 940 1000 1010 Kopiotdncb,
1019 940 1059 996 St.
1073 942 1107 996 A.
1124 942 1276 1011 Morbarp:
1301 943 1514 1011 Kuclvcnbeckcr,
1534 944 1616 999 Ancrl.
1632 943 1726 1008 Hace,
1742 942 1827 1007 VIII,

439 1034 502 1099 293,
531 1029 627 1099 Socer,
646 1030 672 1099 I,
691 1034 752 1096 541,
781 1030 897 1097 11717777,
917 1029 942 1099 1,
962 1034 1021 1085 387.

172 1267 265 1342 378.
289 1276 482 1341 Sclnrlilteiss
506 1274 670 1353 Heinrich,
694 1274 744 1339 die
767 1272 1151 1357 17771717771778717711777
1174 1236 1386 1359 7777111117977
1409 1275 1619 1353 bcnrlnnulcn,
1643 1275 1721 1340 dass
1739 1275 1828 1340 17777-

289 1382 364 1446 7777771
388 1382 556 1465 1171777777
578 1381 645 1445 777771
668 1381 778 1445 deseca
801 1379 896 1446 Fron
919 1380 1092 1460 Lcclrcrriis,
1119 1384 1185 1447 71777
1207 1382 1398 1467 Mitbiirpcr,
1422 1384 1492 1447 717777
1514 1381 1644 1446 Klostcr
1659 1380 1830 1465 Enpeltbcl

291 1490 357 1553 71777
382 1489 482 1553 utiter-
513 1493 546 1553 777
568 1488 735 1553 Steinbncb
765 1492 856 1552 7777177
879 1489 1069 1553 destinantem
1092 1489 1326 1574 Bodinpnnpcn
1354 1491 1530 1572 obpctrcirn
1559 1489 1624 1553 777771
1647 1490 1830 1553 aussoreno

291 1597 366 1661 iiber
402 1600 468 1659 eine
505 1616 573 1659 77777
606 1593 737 1659 Kloster
766 1594 880 1675 sriilrer
913 1597 1060 1680 pelcorrftc
1095 1596 1388 1661 Laid-Kornrcnte
1422 1597 1537 1661 77117777
1571 1594 1831 1679 11771777777777779777
1936 1604 1945 1611 ’

288 1704 440 1787 7717711777
462 1702 571 1767 17717777.
621 1706 716 1767 1276.

280 1846 347 1911 Nos
362 1843 549 1928 Heynricus
566 1844 736 1925 scultetus,
751 1844 878 1910 scabini
894 1844 1058 1927 ceterique
1075 1844 1164 1911 cives
1180 1844 1214 1910 17
1230 1845 1473 1926 Frankenvort,
1492 1851 1605 1910 tenore
1623 1843 1827 1927 presencium

172 1951 321 2018 omnibus
346 1951 495 2017 volumus
518 1970 590 2017 esse
614 1952 960 2033 notum,Wasmudum
984 1951 1106 2017 dictum
1123 1953 1300 2035 Rabenger
1324 1958 1357 2018 71
1372 1950 1554 2018 Lukardim
1572 1945 1708 2017 uxorem
1724 1970 1826 2031 snam,

172 2065 306 2124 nostros
337 2056 500 2139 concives,
526 2056 694 2124 confessos
725 2057 853 2140 publice
884 2078 993 2124 coram
1024 2059 1127 2140 771717,
1154 2079 1188 2125 77
1213 2059 1389 2125 contulisse
1412 2061 1500 2125 bona
1523 2079 1584 2125 sua
1606 2058 1771 2137 universa,
1796 2057 1828 2122 17

174 2166 366 2249 Steynbach
391 2165 466 2247 sita,
492 2165 637 2232 claustro
662 2164 956 2231 sanctimonialium
981 2165 1013 2231 in
1038 2165 1214 2249 Engcldail
1235 2166 1269 2231 17
1293 2166 1474 2232 animarum
1498 2185 1629 2231 suarum
1654 2164 1828 2232 remedium

173 2278 310 2354 propter
334 2274 438 2353 deum,
462 2271 512 2338 ita
535 2277 655 2354 tamen,
680 2274 775 2353 quod,
801 2272 954 2353 quamdiu
979 2275 1073 2339 ambo
1098 2272 1285 2340 advixerint
1308 2272 1361 2339 771
1385 2273 1470 2338 alter
1493 2292 1613 2348 eorum,
1639 2272 1828 2355 7177777711)

173 2379 364 2460 (1777777711,
397 2381 436 2444 de
467 2378 587 2445 eisdem
618 2378 712 2445 bonis
742 2380 784 2444 X.
808 2378 930 2445 octalia
960 2379 1099 2463 siliginis
1130 2380 1213 2446 idem
1245 2379 1423 2446 claustrum
1454 2379 1535 2462 ipsis
1565 2378 1660 2445 annis
1691 2378 1829 2462 singulis

171 2483 368 2568 assignabit,
394 2492 469 2567 post
498 2492 635 2552 mortem
665 2505 743 2552 vcro
775 2488 942 2552 amborum
973 2490 1015 2553 ad
1046 2507 1156 2554 eorum
1186 2486 1307 2553 liberos
1337 2486 1433 2552 simul
1463 2485 1673 2567 conquisitos,
1699 2485 1727 2551 si
1750 2492 1829 2550 tunc

171 2591 359 2673 habuerint,
385 2599 419 2657 et
442 2612 507 2659 non
531 2592 623 2674 alioS,
649 2612 712 2658 uno
738 2612 848 2659 eorum
871 2600 998 2660 mortno
1012 2614 1052 2659 ex
1075 2594 1180 2660 altero
1197 2613 1323 2676 qnoque
1340 2593 1403 2660 sibi
1418 2593 1528 2659 iuncto
1544 2591 1830 2672 matrimonialiter

171 2705 271 2765 natos
295 2700 489 2781 durabunt*
514 2699 542 2766 si
566 2707 675 2767 autem
699 2699 820 2766 liberos
843 2699 937 2766 simul
961 2700 1162 2781 conquisitos
1179 2719 1243 2767 non
1259 2700 1444 2781 habuerint,
1470 2702 1511 2766 ad
1528 2698 1634 2781 ipsum
1650 2700 1828 2765 claustrum

170 2808 261 2871 bona
291 2804 450 2891 77777711)
479 2806 582 2872 libero
612 2806 837 2874 devolventur.
885 2808 1042 2874 Preterea
1075 2806 1243 2873 duodecim
1274 2807 1395 2873 octalia
1425 2806 1573 2890 siliginis,
1598 2826 1661 2887 qne
1690 2806 1830 2888 predicti

172 2912 431 2997 1777777711771)
456 2920 489 2979 71
512 2913 679 2980 Lukardis
704 2933 762 2996 pro
790 2914 899 2979 XVII.
921 2914 1040 2980 marcis
1064 2917 1152 2997 apud
1175 2913 1298 2979 dictum
1321 2914 1501 2979 claustrum
1525 2919 1682 2995 emerunt,
1708 2913 1829 2979 eisdem

171 3021 386 3099 quoadusque
422 3022 517 3086 ambo
553 3019 696 3086 vixerint
730 3020 784 3087 vel
818 3020 915 3086 alteri
943 3027 1072 3087 mortuo
1104 3020 1276 3103 superstiti
1305 3020 1520 3102 presentabit,
1551 3020 1689 3100 mortuis
1719 3027 1829 3086 antem

170 3126 342 3207 ambobus
367 3125 437 3193 sive
460 3126 581 3193 liberos
604 3128 749 3193 habeant
773 3126 843 3193 sive
867 3146 940 3207 non,
966 3127 1056 3194 dicta
1080 3128 1158 3192 XII.
1181 3125 1303 3193 octalia
1325 3126 1426 3192 libere
1450 3127 1595 3192 claustro
1612 3129 1729 3193 cedent
1745 3126 1829 3192 eius-

170 3232 302 3317 dem(l).
350 3232 422 3299 Hoc
446 3232 549 3300 eciam
574 3233 724 3315 adicitur,
750 3236 835 3316 quod
860 3234 1052 3316 supradicta
1072 3235 1115 3299 X.
1134 3233 1255 3300 octalia
1277 3233 1311 3299 in
1336 3234 1524 3316 Steynbach
1548 3240 1582 3299 71
1604 3232 1731 3313 reliqua
1747 3233 1827 3298 ΧΠ.

170 3337 296 3404 octalia
325 3338 464 3423 siliginis
493 3339 583 3406 17177
611 3339 699 3406 17717
722 3340 959 3422 assumpcionis
983 3347 1017 3407 et
1041 3339 1228 3407 nativitatis
1251 3342 1349 3406 beate
1372 3340 1478 3406 Marie
1501 3339 1639 3423 virginis
1663 3338 1827 3422 prelatum

170 3444 354 3511 claustrum
370 3445 539 3529 Engeltail
561 3446 749 3513 memoratis
773 3446 896 3513 nostris
916 3446 1105 3514 concivibus
1115 3449 1292 3513 Wasmudo
1309 3454 1343 3513 71
1361 3446 1509 3513 1771777711
1523 3448 1576 3513 vel
1591 3466 1655 3513 uno
1672 3445 1827 3513 deiuncto

169 3552 270 3617 alteri
295 3572 415 3635 eorum,
440 3560 478 3618 ut
502 3553 623 3620 dictum
648 3560 708 3635 771,
734 3553 824 3619 77117
840 3554 1060 3635 cuiuscunque
1077 3554 1213 3637 periculi
1229 3554 1282 3621 vel
1296 3552 1470 3620 infortunii
1485 3554 1657 3621 occasione
1673 3561 1828 3636 pretensa

169 3657 323 3740 omnique
358 3660 587 3741 impedimento
624 3661 738 3743 procul
771 3668 858 3727 moto
893 3679 996 3742 usque
1026 3663 1068 3727 ad
1098 3668 1246 3727 nostram
1277 3661 1446 3728 civitatem
1475 3659 1703 3728 Frankenlort
1733 3660 1828 3725 annis

169 3764 310 3847 singulis
334 3767 531 3849 deportabit.
581 3767 688 3833 Huius
711 3767 759 3833 rei
783 3774 886 3833 testes
910 3774 1001 3833 sunt:
1028 3767 1224 3834 Ludcwicus
1248 3768 1355 3834 dictus
1371 3765 1532 3835 Pannilex
1557 3767 1720 3847 scabinus,
1745 3768 1828 3833 Con-

168 3874 273 3937 radus
303 3871 491 3955 filiuseius,
516 3872 703 3957 Heynricus
728 3873 834 3940 dictus
859 3874 967 3957 Griez,
992 3873 1292 3941 Fridericusfilius
1316 3872 1826 3970 7777177117777777717717777,

167 3977 362 4045 Waltherus
395 3980 502 4047 dictus
535 3980 703 4061 Danlrunt,
727 3981 828 4047 Volzo
862 3987 895 4047 et
926 3981 1101 4048 Heinricus
1135 3980 1258 4047 iratres
1292 3984 1331 4047 de
1363 3981 1559 4063 Caldebacb,
1584 3988 1618 4046 71
1634 3980 1828 4046 Wirnlrerus

168 4083 351 4167 aurifaber,
376 4087 482 4153 nostri
505 4087 666 4155 concives.
712 4089 751 4154 In
774 4088 870 4153 buius
894 4088 977 4155 lacti
999 4089 1100 4154 robur
1124 4095 1157 4155 71
1180 4088 1366 4155 memoriam
1390 4090 1476 4154 17777
1499 4088 1643 4154 litteram
1667 4107 1766 4169 super
1790 4108 1827 4154 eo

168 4189 357 4258 confectam
388 4193 527 4275 predicti
559 4194 706 4299 claustri„
722 4202 755 4261 ct
779 4194 885 4261 nostri
908 4194 1087 4279 sigillorum
1110 4195 1285 4271 munimine
1310 4194 1435 4277 placuit
1459 4193 1657 4261 communiri.
1706 4194 1828 4260 Datum

167 4318 257 4365 anno
282 4299 403 4365 domini
426 4295 531 4367 717717.
554 4300 709 4387 LXXVI.

386 4433 779 4504 7117771777111771179717177177
797 4435 979 4504 Kopiolbuclr.
1018 4434 1057 4488 St.
1072 4436 1105 4488 A.
1120 4435 1293 4489 Dnrntstndt.
1314 4467 1347 4473 —
1369 4434 1526 4500 Grotcsend.

386 4521 505 4577 Dunccb
523 4524 573 4577 77771
591 4524 761 4593 1117777777
779 4524 870 4594 97717..Ι
889 4524 978 4592 87777,
998 4524 1166 4590 1177711717,
1183 4524 1213 4590 V,
1233 4529 1275 4578 71.

166 4752 262 4829 379.
286 4762 430 4830 1177177771
444 4766 599 4831 Heinrich
624 4768 688 4831 777771
703 4766 831 4831 11777177
849 4768 1011 4832 Christian
1033 4766 1447 4849 7177777771717771773111177
1471 4767 1671 4831 1777771777771777
1694 4767 1744 4831 7717
1762 4788 1828 4830 77777

285 4870 503 4954 Fronlrfrnier
534 4873 667 4955 Propstc
698 4873 846 4938 Gerlcnrd
877 4875 1007 4939 1777171117
1037 4873 1179 4954 11771177,
1211 4878 1246 4939 in
1275 4875 1525 4940 777171777177777
1554 4876 1605 4939 7117
1634 4896 1703 4939 777777
1725 4873 1828 4938 1111177

286 4977 450 5043 Ηα717777771
484 5000 544 5045 cort
573 4981 834 5045 Snclrscnlrouscn
868 4981 927 5062 fiir
960 4984 1026 5045 71777
1056 4982 1175 5046 7171777171
1210 5004 1253 5047 7777
1282 4983 1342 5046 dns
1372 4983 1417 5047 St.
1440 4982 1619 5063 Petersstift
1650 4985 1683 5045 177
1712 4982 1828 5046 11171777

288 5085 441 5151 1771711177
465 5087 600 5171 11717977
629 5088 718 5152 7177777
742 5088 870 5152 7177117711
900 5110 943 5152 777
972 5089 1028 5153 der
1058 5090 1315 5153 1117777777777777777
1338 5089 1541 5173 1171777717711
1570 5089 1660 5153 cneus
1686 5089 1827 5169 17177177

286 5192 364 5273 ,sust
386 5193 486 5257 (1777717
508 5192 743 5276 1171777177777177
765 5196 867 5259 7771777
889 5195 1017 5279 77717111,
1040 5196 1132 5259 1177117
1155 5195 1292 5279 7777177717
1311 5195 1468 5280 duplicium
1483 5196 1592 5260 17771777.
1631 5194 1826 5276 7777711771,

288 5304 378 5363 1277
398 5299 543 5366 1171777777
566 5306 618 5365 16.

277 5442 346 5506 Nos
375 5439 550 5507 Heinricus
580 5444 723 5507 decanus
754 5448 788 5507 et
811 5442 995 5508 Cristianus
1027 5450 1144 5509 cantor
1175 5442 1311 5509 ecclesie
1342 5444 1671 5525 deF1·ankenvorth,
1703 5442 1827 5509 iudices

165 5568 187 5614 a
223 5546 408 5614 venerabili
447 5548 575 5613 domino
611 5548 782 5615 Gerhardo
823 5548 966 5616 eiusdem
1008 5550 1146 5619 ecclesie
1181 5550 1348 5633 preposito
1383 5550 1571 5633 constituti,
1607 5558 1719 5616 notum
1754 5570 1826 5617 7777

403 5791 406 5795 ,
438 5744 462 5790 st
476 5739 575 5794 17777777
588 5740 744 5795 eweiselkast.
771 5740 835 5786 Vorl.
848 5740 992 5794 ,dntbuntt
