4400 6384
411 328 455 391 80
1020 322 1087 375 mm
1108 321 1185 376 66η
1204 353 1237 361 -
1258 321 1326 375 ram
1345 320 1405 376 um
1423 321 1464 374 12.

410 517 662 603 Hellldebergiu
687 526 721 585 et
743 521 814 599 Ida,
845 518 992 602 legitima
1015 538 1085 600 sua,
1118 518 1224 584 nostri
1250 518 1411 599 concives,
1443 518 1681 583 communicata
1711 537 1809 583 manu
1840 524 1874 583 et
1903 537 2065 584 consensu

411 624 486 707 peri
508 625 643 691 ecclesie
675 628 718 691 ed
741 626 885 691 'Pronum
915 634 1029 691 sancte
1053 624 1188 697 Mallrie
1218 624 1427 690 contulerunt
1457 624 1695 707 perpetualiter
1723 643 1872 691 mansum
1902 643 2003 690 unum
2032 630 2067 689 et

411 730 575 799 dimidium
599 731 633 798 in
660 733 836 797 Bonemese
859 735 899 797 de
924 732 1013 814 agris
1037 730 1233 813 melioribus,
1265 750 1346 811 quos
1370 730 1477 797 tenuit
1502 730 1620 797 ibidem
1644 730 1792 797 dominus
1815 730 1996 796 Betdoldus
2026 731 2067 796 de

411 840 523 905 eadem
547 838 636 920 villa,
661 846 695 905 et
718 842 758 905 de
782 838 902 905 eisdem
926 838 1019 904 bonis
1036 840 1140 905 solvet
1157 837 1241 904 idem
1259 837 1405 903 dominus
1421 839 1459 904 B.
1478 836 1617 903 sedecim
1634 836 1756 903 actalia
1771 836 1911 921 siliginis
1926 836 2067 920 singulis

412 945 517 1028 annis
549 945 703 1027 quamdiu
726 946 867 1013 voluerit
891 930 931 1011 ea
954 954 1076 1012 tenere.
1124 946 1282 1011 Preterea
1305 944 1514 1010 contulerunt
1538 943 1669 1026 prefato
1692 943 1892 1011 monasterio
1917 963 2068 1009 mansum

410 1071 510 1118 unum
540 1052 637 1118 situm
664 1052 697 1118 in
723 1052 866 1119 Cochina
891 1052 1120 1133 possidendum
1150 1058 1308 1133 perpetuo
1338 1051 1441 1117 libere
1471 1058 1505 1117 et
1535 1051 1653 1132 qmete.
1700 1051 1819 1117 Testes
1849 1058 1960 1116 autem
1990 1057 2068 1115 sunt

411 1158 460 1224 hi:
487 1159 678 1241 scolthetuS,
704 1161 874 1226 Comedus
890 1159 998 1225 dictus
1013 1158 1209 1242 Meisinbug,
1234 1158 1276 1224 H.
1293 1158 1431 1239 Adsum,
1448 1157 1616 1223 Walterus
1633 1160 1672 1224 de
1688 1157 1875 1238 liersevelt,
1893 1156 2068 1240 Wicgerus

411 1268 451 1331 de
467 1264 627 1348 Ovinbac,
653 1268 687 1332 C.
705 1266 895 1347 illinemus,
921 1267 962 1333 H.
981 1269 1020 1332 de
1037 1265 1235 1347 Holzhusen,
1260 1266 1416 1346 Jacobus,
1442 1264 1641 1345 Fridericus,
1665 1264 1868 1346 Epprathus,
1894 1264 2068 1330 Comedus

412 1374 451 1439 de
467 1372 655 1455 Wllinstad‚
681 1375 851 1440 Comedus
875 1376 915 1439 de
931 1372 1112 1441 Gisinheim
1136 1379 1170 1438 et
1189 1370 1346 1453 Sidridus,
1371 1371 1457 1438 filius
1479 1371 1593 1454 ipsius,
1619 1380 1653 1437 et
1676 1372 1788 1453 plures
1809 1369 1865 1437 alii
1879 1369 1945 1437 viri
1960 1370 2070 1435 idonei

412 1498 452 1545 ac
475 1478 618 1546 discreti.
658 1482 698 1546 In
722 1479 813 1545 cuius
836 1477 920 1547 iacti
943 1482 1044 1546 robur
1068 1486 1102 1545 et
1124 1478 1312 1545 memoriam
1327 1498 1463 1561 presens
1487 1478 1644 1561 scriptum
1668 1478 1775 1562 sigillo
1791 1485 1905 1544 nostre
1920 1476 2069 1543 ciuitatis

411 1584 547 1651 fecimus
570 1585 731 1671 insigniri.
779 1588 898 1653 Actum
923 1607 1008 1653 anno
1033 1586 1154 1651 domini
1176 1566 1220 1650 ll.
1247 1566 1307 1651 CC.
1333 1565 1402 1667 Li,
1425 1585 1459 1651 in
1483 1584 1744 1668 quadragesima.

627 1728 673 1783 Or.
687 1729 775 1799 Ppmt.
804 1728 866 1783 Das
884 1726 971 1797 Sieqel
989 1727 1025 1781 ist
1043 1727 1203 1796 obpesollea.
1243 1727 1282 1783 St.
1296 1730 1330 1782 A.
1346 1728 1516 1783 Wieebodrn.
1554 1727 1667 1781 Kloeter
1687 1726 1788 1794 erron,
1807 1726 1860 1779 No.
1874 1730 1899 1779 7.

626 1818 725 1873 Orda:
743 1816 840 1884 Sacer,
859 1818 885 1884 I,
905 1817 1125 1872 eonnectitur
1146 1816 1192 1872 Or.
1213 1858 1218 1871 .

411 2059 502 2135 163.
527 2068 637 2152 Korup
654 2066 792 2133 Kourud
806 2068 869 2133 IV.
897 2068 1063 2150 erridcrrursl
1086 2070 1136 2133 dir
1157 2068 1346 2151 Vrrlrr'lurnp
1370 2068 1426 2130 der
1441 2067 1562 2131 Kirrlrc
1579 2090 1619 2130 ru
1638 2067 1831 2131 Pruuulrrr'ur
1848 2087 1892 2129 un
1906 2066 1966 2129 dere
1981 2066 2070 2129 Solen

526 2176 580 2240 des
606 2176 794 2239 Pmoun-un
819 2174 959 2257 Krprpler
985 2198 1042 2239 rou
1066 2176 1256 2240 Rddrllrriru.
1302 2175 1435 2245 librum,
1462 2180 1547 2238 12:51
1573 2174 1680 2239 Allr'irr.

627 2316 723 2371 Gedr:
742 2316 868 2381 Bdbmer,
889 2316 958 2371 Acta
976 2320 1037 2371 291.
1077 2318 1176 2384 Sacer,
1195 2317 1220 2384 I,
1239 2320 1299 2370 352.
1338 2316 1423 2369 R-F.
1438 2316 1491 2370 No.
1505 2320 1584 2383 4540,
1604 2316 1653 2385 npl.
1672 2314 1707 2369 ib.
1728 2318 1832 2368 503311.

412 2557 504 2632 164.
527 2566 677 2631 Derselbe
699 2568 782 2651 plebi
807 2568 877 2629 deur
900 2568 1132 2631 &delituissent
1158 2568 1313 2648 liblfrom
1347 2588 1404 2629 ron
1428 2565 1611 2648 Frurrl'frut
1640 2568 1700 2631 den
1723 2566 1984 2630 Neurottzeleulerr
2015 2568 2072 2629 des

528 2674 728 2757 alpolt-olrico
751 2674 985 2739 Rom-beurcirias
1009 2674 1139 2739 Liruluu
1163 2676 1209 2739 bei
1231 2674 1417 2755 Fran-far
1438 2697 1479 2738 ru
1503 2674 1617 2739 Lrlren.
1664 2674 1716 2738 Iru
1736 2674 1844 2758 Luper
1867 2674 1914 2738 bei
1929 2674 2071 2740 Lernen.

530 2785 616 2844 1251
642 2780 724 2845 ulai.

520 2923 691 2987 Comedus
715 2920 767 2989 dei
790 2922 904 3005 gracia
928 2922 1149 2988 Romanorum
1172 2924 1206 2989 in
1229 2943 1339 3007 regem
1364 2923 1500 3003 electus.
1529 2944 1659 3004 semper
1683 2930 1853 3006 augustae,
1881 2923 2072 2989 Jerusalem

413 3035 447 3093 et
473 3027 581 3093 Sicilie
605 3047 672 3094 rex.
709 3029 774 3094 Per
798 3048 933 3110 presens
949 3028 973 3101 ll
991 3029 1149 3111 scriptum
1173 3036 1285 3096 notum
1309 3029 1448 3095 facimus
1471 3030 1634 3096 universis
1657 3029 1808 3096 fidelibus
1824 3030 1956 3110 nostris,
1983 3034 2071 3111 quod

413 3154 473 3201 nos
496 3133 709 3201 Wollrammo
740 3136 880 3202 sculteto
912 3142 945 3201 et
975 3136 1062 3201 fideli
1092 3144 1204 3202 nostro
1238 3140 1278 3202 de
1308 3136 1566 3209 Frankenlllurt
1596 3157 1655 3219 pro
1686 3136 1763 3203 fidei
1793 3143 1826 3202 et
1857 3136 2071 3204 serviciorum

414 3260 544 3307 suorum
568 3240 683 3307 merito
708 3242 863 3307 decimam
889 3242 1053 3308 novalium
1084 3250 1232 3309 resecate
1257 3244 1339 3310 silve
1363 3251 1475 3309 nostre
1499 3243 1650 3309 Lindach
1680 3262 1782 3325 prope
1798 3242 1822 3315 ll
1839 3242 2073 3309 Frankeniurt

412 3347 446 3423 in
462 3345 592 3413 feodum
609 3348 827 3415 concessimus
843 3351 885 3415 ab
902 3349 1100 3415 excellencie
1116 3358 1231 3416 nostra
1246 3349 1316 3415 iure
1328 3348 1451 3415 feodali
1465 3352 1580 3416 amodo
1593 3349 1833 3431 possidendam.
1858 3350 2070 3415 Mandantes.

414 3454 568 3536 quatinus
601 3454 708 3520 nullus
740 3454 794 3535 sit,
830 3454 885 3536 qui
919 3454 1100 3538 predictum
1125 3454 1371 3523 Wolirammum
1407 3456 1580 3522 scultetum
1616 3462 1762 3522 nostrum
1797 3456 1831 3521 in
1865 3454 1937 3537 ipso
1971 3454 2072 3521 feodo

413 3560 562 3643 inpediat
585 3561 638 3627 uel
662 3563 843 3643 perturbet.
892 3564 985 3646 Quod
1010 3562 1065 3643 qui
1089 3562 1333 3645 presumpserit,
1365 3562 1620 3647 indignationem
1645 3569 1792 3629 nostram
1816 3570 1849 3627 et
1875 3562 2003 3644 imperii
2033 3584 2072 3627 se

413 3666 542 3733 noverit
565 3668 781 3733 incursurum.
827 3669 881 3734 Ad
912 3668 1005 3733 cuius
1035 3668 1082 3734 rei
1106 3670 1294 3735 memoriam
1326 3689 1462 3751 presens
1494 3670 1652 3751 scriptum
1683 3668 1759 3736 inde
1791 3669 1863 3735 fieri
1895 3675 1929 3734 et
1960 3668 2073 3752 sigillo

413 3780 527 3840 nostro
550 3774 703 3840 iussimus
728 3774 916 3840 communiri.
965 3776 1087 3841 Datum
1110 3776 1144 3841 in
1169 3776 1289 3842 castris
1313 3779 1398 3859 apud
1424 3776 1534 3844 villam
1559 3776 1702 3857 Laches,
1729 3796 1814 3842 anno
1839 3774 1996 3842 dominice
2017 3775 2075 3842 in·

414 3880 615 3947 carnationis
631 3880 799 3947 millesimo
817 3881 1038 3947 ducentesimo
1055 3881 1321 3966 rpriuquagesimo
1338 3882 1451 3964 primo,
1473 3902 1583 3949 mense
1599 3882 1753 3967 madii(!)‚
1771 3902 1855 3949 none
1870 3882 2072 3949 indictionis.

629 4024 674 4079 Or.
689 4026 775 4093 Ppmt.
807 4024 868 4077 Dos
886 4008 1065 4093 onbitnpeude
1084 4025 1171 4096 Siepel
1189 4026 1225 4080 iat
1245 4026 1406 4095 bescbddr'qt.
1444 4026 1483 4079 St.
1498 4028 1532 4079 A.
1550 4026 1598 4080 Fr.
1620 4024 1830 4079 Frankcnster'a.
1846 4024 1911 4078 Urlr.
1931 4024 1983 4079 No.
1997 4030 2020 4077 1.

628 4113 726 4168 Geor:
745 4114 789 4181 B.,
803 4116 839 4167 83
858 4114 927 4167 naeu
946 4114 1002 4166 dem
1026 4113 1071 4167 Or.
1094 4154 1099 4165 .

632 4202 725 4255 Vera:
742 4202 828 4255 Μ’.
849 4202 902 4255 No.
918 4206 996 4256 4546.

413 4425 503 4501 165.
528 4434 706 4511 Friedrich,
733 4436 873 4516 Pfurrrr
897 4458 955 4499 ron
979 4438 1023 4500 Sl.
1045 4438 1175 4515 (periretis
1201 4436 1264 4499 und
1287 4434 1479 4499 Kuuonidus
1506 4457 1560 4497 ron
1585 4438 1630 4498 Sl.
1648 4434 1786 4515 Sirpium
1810 4438 1844 4498 r're
1866 4434 1990 4512 Metine,
2015 4459 2074 4517 pr*

529 4543 615 4606 hindei
640 4546 682 4605 r'ru
704 4542 850 4627 Austrup
874 4544 928 4607 des
946 4541 1221 4626 (luredire-ullrpulrn
1239 4543 1336 4626 Hunc
1359 4543 1419 4606 den
1438 4542 1636 4607 lirurrrt‘nruor
1660 4564 1702 4605 ru
1717 4540 1912 4623 Frunlsuri,
1937 4541 2075 4605 rrelrlrrn

528 4672 587 4713 oon
609 4654 763 4733 paruissem
786 4649 956 4713 Arlrlr'cbrn
983 4650 1046 4712 mul
1076 4650 1197 4713 urrdrru
1226 4650 1490 4713 Verrruudlinurn
1520 4650 1766 4733 rrrrflor'rlr·rrrrprrrr
1798 4648 1922 4712 mordere
1954 4670 2074 4713 rrurrm.

526 4757 654 4839 tinette]
677 4757 763 4819 deirae
779 4757 950 4820 Srluurster
973 4757 1022 4819 uls
1039 4757 1119 4819 rrurlr
1138 4756 1555 4839 6666166616119616661666
1577 4754 1819 4838 Urrtrrsurlump
1834 4756 1891 4818 der
1909 4756 2074 4839 (irripuer-

527 4864 588 4927 166
611 4863 851 4943 6616666666.
900 4864 1025 4931 Meum.
1052 4869 1137 4927 12:51
1162 4864 1235 4927 -Julr'
1258 4870 1309 4927 12.

519 5005 575 5071 Fr.
602 5004 654 5070 dei
677 5004 787 5088 gretie
812 5005 970 5087 plebanus.
995 5004 1103 5071 sancti
1119 5004 1266 5089 Quintini
1291 5012 1324 5070 et
1346 5003 1522 5070 canonicus
1539 5002 1647 5069 sancti
1663 5002 1821 5085 Stephani
1836 5002 1870 5068 in
1887 5002 2073 5086 Moguntia.

412 5110 551 5177 Dilectis
575 5112 608 5177 in
633 5112 763 5178 Christo
788 5112 955 5195 priorisse,
987 5109 1149 5178 iratribus
1173 5118 1207 5177 et
1224 5111 1247 5183 ll
1266 5111 1433 5177 sororibus
1457 5109 1581 5176 ordinis
1606 5116 1721 5176 sancte
1744 5109 1850 5177 Marie
1873 5110 2074 5195 Magdalene

410 5216 445 5283 in
461 5218 700 5301 Frenkinvurt,
727 5219 866 5285 salutem
890 5218 922 5284 in
951 5218 1081 5284 Christo
1098 5220 1190 5285 Jesu.
1229 5219 1424 5284 Mandatum
1447 5216 1645 5284 venerabilis
1671 5216 1776 5298 patris
1792 5216 1816 5289 ll
1833 5222 1868 5282 et
1891 5216 2010 5283 domini
2025 5217 2073 5281 H.

412 5324 498 5391 sedis
522 5325 702 5407 apostolice
725 5326 828 5408 legati
851 5325 1033 5407 recepimus
1057 5324 1090 5390 in
1114 5326 1173 5390 hec
1198 5327 1318 5391 verba:
1343 5326 1466 5391 Frater
1484 5325 1581 5407 Hugo
1604 5323 1814 5390 miseratione
1839 5323 1951 5389 diuina
1974 5323 2074 5389 titulo

411 5436 525 5498 sancte
540 5431 564 5505 ll
581 5432 701 5497 Sabine
715 5432 878 5515 presbiter
895 5432 1081 5507 cardinalis
1107 5430 1287 5514 apostolice
1304 5430 1390 5497 sedis
1406 5431 1546 5514 legatus
1564 5430 1682 5496 dilecto
1699 5430 1732 5496 in
1752 5430 1884 5496 Christo
1900 5429 2074 5515 Friderico

411 5538 551 5621 plebano
576 5539 713 5605 ecclesie
738 5538 846 5605 sancti
869 5538 1026 5625 Quintini,
1052 5538 1209 5605 ‹renonico
1234 5538 1370 5604 ecclesie
1394 5538 1502 5603 sancti
1527 5536 1687 5619 Stephani
1707 5536 1905 5620 Magantiui
1931 5536 2074 5602 salutem

410 5644 444 5711 in
469 5644 606 5711 domino.
643 5648 731 5725 Cum,
758 5646 843 5711 sicut
867 5666 906 5713 ex
931 5652 1025 5727 parte
1050 5646 1242 5711 dilectarum
1259 5644 1292 5709 in
1305 5645 1435 5710 Christo
1453 5644 1613 5727 priorisse
1633 5651 1667 5709 et
1684 5650 1864 5710 conventus
1880 5644 2076 5709 monasterii

413 5759 527 5818 sancte
545 5752 651 5819 Maris
667 5754 864 5836 Magdalene
890 5753 1013 5819 ordinis
1032 5752 1240 5819 Penitentum
1257 5750 1591 5832 Frankinuurdensis,
1616 5748 1809 5833 Meguntine
1833 5748 1981 5831 diocesis,
2006 5747 2075 5816 tuit
