4400 6384
909 328 978 382 1295
1000 327 1067 382 Juui
1086 329 1110 381 6,
1769 331 1834 396 333

176 561 281 608 meum
306 542 431 608 obitum
454 540 523 608 eius
546 540 702 607 memoria
725 548 886 624 perpetua
909 542 1081 623 habeatur,
1108 541 1232 607 contuli
1255 548 1289 607 et
1312 541 1421 624 legavi
1444 540 1606 624 religiosis
1629 542 1709 609 viris
1732 543 1834 625 priori

177 656 211 714 et
241 647 418 716 conventui
448 651 561 712 domus
585 647 829 713 Predioatorum
853 647 888 712 in
911 648 1137 730 Frankerrfrcrt
1160 651 1203 713 ad
1226 647 1405 730 pitanciam
1429 654 1462 713 et
1490 646 1701 714 refectionem
1730 649 1834 730 ipsius

177 762 359 822 conventus
375 761 533 836 perpetuo
546 754 627 818 IIII.
645 753 766 820 solidos
782 753 990 820 denariorum
1006 754 1245 821 coloniensium
1262 773 1379 820 census
1396 754 1557 836 annualis,
1572 753 1678 842 [quos]
1696 756 1834 840 singulis

177 861 273 927 annis
302 861 336 927 in
367 859 453 926 festo
485 859 611 940 pascali
640 861 810 926 Conradus
840 860 948 926 dictus
978 861 1174 926 Rintfleisch
1203 862 1257 927 vel
1286 860 1338 927 sui
1367 862 1514 942 heredes,
1546 860 1634 928 cives
1665 863 1833 928 Frankea-

175 969 352 1050 fordenses,
377 969 417 1032 de
440 967 557 1032 horreo
583 973 616 1032 et
639 967 833 1033 domuncula
856 966 960 1032 eidem
984 967 1140 1050 contigua
1163 971 1250 1049 apud
1266 967 1456 1033 penitentes
1478 967 1574 1034 iuxta
1596 969 1833 1036 habitationem

175 1075 309 1140 Metzeu
331 1072 475 1140 mulieris
499 1073 572 1138 sitis
595 1071 673 1138 mibi
696 1069 870 1157 porrigunt
894 1080 926 1139 et
951 1073 1120 1156 porrigere
1142 1080 1391 1155 consueverunt,
1416 1073 1572 1140 videlicet
1587 1073 1645 1156 ita,
1671 1079 1755 1156 quod
1772 1095 1833 1160 ego

175 1179 398 1263 Hildeburgis·
419 1179 569 1261 predicta
599 1179 705 1245 dictos
728 1179 808 1244 IIII.
831 1179 952 1247 solidos
977 1179 1185 1246 Colonienses
1216 1183 1323 1261 quoad
1354 1179 1467 1247 vixero
1491 1184 1531 1246 de
1554 1179 1635 1263 ipsis
1658 1182 1776 1248 horreo
1800 1189 1835 1248 et

176 1286 372 1352 domuncula
403 1285 515 1352 tollam
543 1291 575 1351 et
600 1284 776 1367 percipiam
808 1285 894 1352 omni
922 1285 1142 1368 inpedimento
1173 1293 1308 1352 remoto.
1355 1288 1533 1368 Postquam
1563 1308 1641 1354 vero
1666 1288 1833 1354 demedio

176 1392 310 1458 sublata
343 1389 447 1473 luero,
480 1389 603 1474 prelati
632 1392 713 1456 ΠΙΙ.
746 1391 841 1457 solidi
870 1391 1078 1458 Colonienscs
1110 1395 1151 1457 ad
1182 1392 1361 1474 pitanciam
1392 1399 1425 1458 et
1455 1390 1667 1459 relectionem
1696 1392 1834 1477 singulis

176 1499 273 1565 annis
296 1498 330 1564 in
353 1518 424 1564 meo
449 1497 675 1564 anniversario
700 1501 742 1563 ad
766 1497 948 1580 predictum
972 1504 1168 1566 conventum
1191 1501 1305 1564 domus
1328 1499 1575 1565 Predicatorum
1598 1498 1700 1566 libere
1714 1502 1834 1589 ‚devol-

175 1612 306 1672 ventur.
353 1605 426 1671 Hoc
456 1624 535 1671 sane
567 1604 689 1686 addito,
715 1607 800 1685 quod
824 1605 983 1687 sepedicti
1005 1605 1086 1670 IIII.
1113 1604 1209 1671 solidi
1232 1604 1441 1671 Colonienses
1464 1625 1629 1686 nunquam
1653 1606 1751 1673 vendi
1775 1614 1834 1673 aut

176 1712 318 1778 alienari
347 1713 388 1778 ab
418 1710 489 1793 ipso
521 1718 685 1778 conventu
708 1711 956 1778 Predicatorum
978 1710 1213 1778 Fraukenlord
1243 1712 1418 1793 debebunt,
1443 1715 1527 1792 quod
1559 1711 1588 1778 si
1611 1731 1705 1778 secus
1728 1713 1832 1794 ficret,

176 1817 319 1900 predicti
340 1818 422 1883 ΠΠ.
445 1817 540 1884 solidi
563 1816 771 1883 Colonienses
803 1821 844 1882 ad
875 1837 963 1884 meos
993 1818 1132 1884 heredes
1160 1818 1376 1886 devolventur
1400 1824 1434 1883 et
1456 1825 1642 1899 respectum
1664 1819 1834 1885 habebunt

177 1944 236 2006 per
260 1922 369 1990 omnia
391 1927 433 1989 ad
457 1925 596 1989 eosdem.
636 1923 676 1988 In
700 1922 791 1989 cuius
815 1923 864 1989 rei
886 1923 1108 1990 testimonium
1132 1944 1192 2007 ego
1207 1924 1420 2006 Hildeburgis
1436 1924 1629 2006 supradicta
1644 1925 1834 1992 memoratis

177 2029 281 2112 priori
311 2037 345 2096 et
374 2029 551 2096 conventui
581 2028 703 2095 tradidi
732 2029 794 2094 has
821 2028 932 2095 literas
963 2029 1069 2113 sigillo
1092 2029 1322 2097 universitatis
1346 2031 1624 2112 Fraukfordeasr's
1648 2033 1832 2110 roboratas

177 2139 263 2216 quod
288 2139 330 2202 ad
354 2155 469 2219 preces
491 2155 581 2202 meas
605 2135 814 2217 presentibus
831 2143 883 2202 est
898 2155 1087 2218 appensum.
1132 2138 1254 2203 Actum
1269 2144 1304 2202 ct
1319 2139 1432 2203 datum
1448 2156 1534 2202 anno
1553 2137 1673 2203 domini
1691 2139 1776 2203 1295
1784 2137 1832 2222 (l),

176 2261 287 2308 mense
312 2241 458 2324 apprilis.

390 2383 534 2449 Abmhrist
551 2383 582 2436 in
601 2383 925 2438 maniniocum-Buba
943 2383 969 2436 A
989 2382 1066 2447 Md.
1104 2383 1144 2436 Sl.
1158 2383 1192 2436 A.
1207 2383 1258 2435 Fr.

177 2675 269 2751 672.
292 2683 362 2750 Der
385 2685 546 2750 Komllmr
569 2684 722 2750 Anselm¹
746 2686 812 2749 aad
835 2685 895 2749 das
918 2682 1257 2748 Deutschordeashuus
1279 2705 1320 2747 au
1339 2684 1600 2749 Sacbseobuuseu
1623 2685 1833 2765 beurlcuatlea,

292 2791 371 2856 dass
400 2791 493 2855 iinon
519 2791 575 2856 der
600 2790 740 2856 Priesler
763 2790 927 2856 Johannes
950 2811 1010 2854 coa
1033 2790 1198 2869 Rossdorf
1218 2793 1286 2854 scin
1303 2790 1418 2854 Viertcl
1440 2792 1497 2854 der
1519 2791 1631 2856 Miihle
1653 2791 1834 2877 Kistelberp

294 2899 341 2962 bcc'
364 2895 508 2982 Diebarp
532 2902 622 2962 order
645 2902 821 2981 peccantem
844 2897 1078 2980 Bcdlapuugea
1100 2897 1273 2980 riberpeben
1296 2897 1383 2960 hate.
1432 2901 1518 2961 1295
1542 2898 1625 2961 Jum'
1649 2904 1678 2962 6.

284 3039 352 3104 Nos
376 3035 482 3104 irater
496 3038 694 3104 Anshelmus
718 3041 962 3104 commendator
985 3037 1151 3118 ceterique
1167 3034 1291 3102 iratres
1308 3041 1422 3103 domus
1438 3038 1640 3104 Theutonice
1655 3039 1689 3106 in
1707 3039 1835 3106 Sassin-

178 3146 281 3211 husen
314 3147 402 3226 apud
434 3145 694 3224 Frankenvord,
726 3143 890 3210 universis
914 3143 1029 3217 litam
1062 3143 1271 3224 presentibus
1303 3163 1399 3223 quam
1432 3143 1554 3209 futuris
1586 3146 1672 3211 hanc
1704 3145 1834 3213 literam

176 3251 376 3334 inspecturis
408 3250 555 3332 cupimus
583 3270 654 3316 csse
677 3256 799 3332 notum,
825 3253 911 3331 quod
934 3250 1105 3316 iohannes
1129 3251 1283 3315 sacerdos
1308 3249 1478 3315 celebrans
1497 3250 1520 3323 ll
1538 3251 1572 3315 in
1596 3251 1778 3317 Rossedorl
1800 3252 1834 3318 in

175 3365 293 3424 nostra
323 3356 494 3439 presencia
524 3357 725 3423 constitutus
756 3377 848 3424 suam
879 3363 1031 3437 quartam
1062 3362 1191 3438 partem
1221 3355 1397 3421 molendini
1429 3356 1509 3422 dicti
1531 3357 1714 3441 Kistilberg
1745 3362 1832 3440 apud

177 3465 309 3546 opidum
333 3463 481 3548 Diepurg
511 3463 619 3544 situm,
645 3463 697 3546 pie
728 3468 864 3546 propter
894 3465 989 3528 deum
1019 3468 1052 3528 et
1076 3463 1117 3528 ob
1140 3461 1318 3528 remedium
1341 3462 1448 3528 anime
1471 3482 1529 3529 sue
1553 3483 1680 3530 necnon
1703 3484 1834 3530 suorum

177 3576 352 3651 parentum
382 3568 611 3637 defunctorum
641 3569 735 3636 nobis
765 3576 799 3636 et
829 3568 938 3635 domui
969 3574 1081 3634 nostre
1113 3569 1245 3650 proprio
1268 3575 1358 3634 motu
1383 3569 1522 3636 contulit
1545 3577 1579 3635 et
1602 3571 1747 3652 donavit,
1772 3572 1835 3637 hac

177 3696 257 3743 saue
281 3675 476 3758 conditione,
501 3679 587 3756 quod
610 3696 669 3742 nos
694 3684 727 3742 et
743 3679 856 3742 domus
872 3682 988 3741 nostra
1004 3675 1108 3742 cidem
1123 3675 1278 3755 Johanui‚
1304 3675 1456 3755 quamdiu
1472 3675 1602 3758 vixerit,
1628 3680 1691 3742 duo
1708 3679 1835 3743 talenta

177 3783 380 3864 hallensium,
398 3782 539 3865 quinque
556 3782 677 3848 maltra
689 3782 828 3866 siliginis
841 3790 875 3848 et
886 3782 1023 3848 totidem
1035 3782 1157 3847 maltra
1169 3781 1273 3847 tritici
1285 3781 1523 3864 Diepurgensis
1534 3802 1685 3848 mensure
1697 3783 1835 3866 siugulis

177 3889 273 3955 amris
297 3891 422 3956 duobus
447 3889 657 3971 temporibus
683 3889 836 3956 videlicet
858 3889 891 3954 in
908 3886 994 3954 festo
1011 3888 1103 3954 beati
1118 3887 1322 3971 Mychahelis
1338 3887 1503 3954 dimidiam
1520 3896 1659 3970 partem,
1677 3890 1835 3971 reliquam

176 4016 255 4062 vcro
281 4001 410 4076 partam
433 3995 467 4060 in
491 3995 737 4061 circumcisione
754 3995 884 4076 domini,
907 3994 1034 4088 nomine
1051 4014 1159 4060 annue
1176 3993 1341 4076 pensionis
1358 3993 1507 4060 dabimus
1523 4001 1557 4060 et
1573 3996 1835 4076 presentabimus

175 4102 209 4166 in
233 4101 365 4184 opidum
390 4101 538 4184 Diepurg
559 4101 593 4167 in
618 4121 743 4168 omnam
768 4107 920 4168 eventum
944 4100 1066 4166 uostris
1089 4100 1258 4166 laboribus
1282 4107 1316 4166 et
1340 4100 1502 4182 expensis,
1528 4107 1700 4182 postquam
1725 4109 1836 4169 autem

176 4207 348 4290 predictus
371 4207 394 4273 J
396 4208 541 4272 ohannes
565 4207 718 4274 universe
738 4207 848 4272 carnis
864 4207 951 4274 viam
967 4205 1068 4272 luerit
1083 4207 1263 4290 ingressus
1280 4226 1340 4272 nos
1357 4213 1391 4272 et
1407 4208 1520 4272 domus
1536 4214 1652 4273 nostra
1668 4210 1710 4273 ab
1724 4208 1836 4274 huius-

177 4313 265 4380 modi
288 4312 452 4394 pensione,
477 4312 630 4379 videlicet
653 4313 865 4394 heliensibus,
891 4313 1001 4379 tritico
1022 4319 1056 4378 et
1072 4313 1211 4396 siligine,
1231 4314 1351 4378 erimus
1367 4313 1520 4394 absoluti,
1545 4315 1693 4396 exceptis
1709 4317 1835 4381 duobus

177 4420 307 4487 maltris
336 4419 441 4485 tritici
471 4426 505 4486 et
535 4422 661 4486 duobus
691 4419 819 4486 maltris
850 4419 998 4503 siliginis
1024 4440 1086 4500 quc
1118 4419 1255 4502 singulis
1285 4419 1380 4484 annis
1409 4418 1444 4484 in
1474 4419 1701 4487 anniversario
1731 4421 1836 4503 ipsius

177 4525 341 4594 Johannis
379 4523 542 4592 iratribus
581 4529 695 4593 domus
730 4533 842 4592 nostre
875 4545 934 4607 pro
970 4525 1125 4608 pytantia
1159 4526 1229 4592 sive
1264 4525 1487 4591 consolatione
1522 4533 1681 4608 perpetuo
1716 4528 1836 4593 statuit

177 4631 369 4712 ministrari,
394 4633 455 4698 hoc
479 4631 580 4699 etiam
604 4631 766 4714 apposito,
791 4635 877 4713 quod
900 4651 960 4698 uos
976 4632 1072 4698 Jutte
1096 4632 1183 4697 dicte
1199 4633 1348 4715 Flougen
1372 4638 1405 4697 ct
1428 4632 1484 4697 uni
1508 4638 1638 4699 tantum
1662 4653 1836 4715 puerorum

178 4740 258 4821 eius,
284 4758 517 4820 quemcumque
541 4759 651 4805 coram
674 4739 755 4806 viris
772 4739 924 4804 discretis
941 4746 975 4804 ct
990 4739 1162 4822 fidedignis
1179 4739 1329 4820 predicta
1344 4738 1367 4803 J
1369 4745 1443 4804 utta
1458 4739 1651 4804 nominatim
1666 4758 1836 4822 expresse-

177 4845 233 4927 rit,
263 4851 297 4912 et
327 4845 498 4911 evidenter
528 4844 779 4928 consanguineis
810 4845 965 4926 prelibati
987 4845 1151 4911 Johannis
1181 4848 1224 4910 ad
1255 4851 1404 4926 tempora
1433 4844 1501 4911 vita
1530 4845 1676 4927 ipsorum
1706 4852 1739 4911 et
1770 4865 1835 4912 non

177 4952 320 5034 amplius
354 4951 504 5018 dabimus
538 4951 709 5018 annuatim
739 4951 805 5018 tria
834 4951 955 5018 maltra
986 4951 1125 5035 siliginis
1156 4958 1189 5017 et
1220 4952 1286 5017 tria
1315 4952 1436 5016 maltra
1466 4951 1570 5017 tritici
1599 4951 1836 5036 Diepurgensis

177 5077 330 5124 mensure
360 5077 400 5124 ac
430 5058 692 5139 presentabimus
722 5057 803 5140 ipsis
830 5058 864 5123 in
889 5057 1097 5140 prehabitum
1121 5058 1251 5139 opidum
1274 5057 1398 5124 nostris
1422 5058 1591 5124 laboribus
1615 5065 1649 5124 et
1672 5058 1834 5140 expensis,

175 5163 260 5248 ipsis
289 5184 369 5230 vero
399 5163 564 5231 defunctis
595 5171 749 5247 pretacta
779 5163 892 5246 pensio
923 5164 1054 5246 penitus
1085 5163 1230 5230 cessabit
1258 5171 1292 5230 et
1323 5166 1366 5229 ad
1395 5184 1455 5231 nos
1479 5171 1512 5230 et
1536 5166 1665 5230 domum
1687 5171 1836 5231 nostram

176 5272 275 5354 pleno
307 5271 378 5336 iure
408 5271 511 5337 libere
542 5272 744 5346 devolvetur.
792 5271 967 5337 Adiectum
997 5277 1049 5336 est
1077 5270 1222 5353 insuper,
1248 5273 1334 5351 quod
1363 5271 1391 5336 si
1421 5269 1589 5353 prelatum
1617 5271 1837 5337 molendinum

175 5385 255 5460 post
285 5377 409 5443 obitum
439 5374 583 5460 sepefati
605 5377 768 5444 Johannis
799 5397 858 5460 per
887 5377 1085 5460 incendium,
1118 5376 1352 5458 expeditiones
1384 5377 1522 5460 ruinam,
1555 5397 1613 5442 seu
1644 5396 1836 5459 quocunque

176 5484 244 5550 alio
273 5503 352 5550 casu
376 5483 587 5568 contingente
611 5486 838 5550 destrueretur
862 5489 895 5549 et
919 5483 1052 5566 periret,
1078 5503 1138 5549 uos
1160 5484 1268 5566 ipsum
1291 5485 1445 5549 debemus
1469 5491 1503 5549 et
1526 5483 1709 5550 tenebimur
1732 5485 1836 5550 reedi-

236 5679 245 5711 ¹
265 5679 376 5732 Anaelm
394 5679 466 5732 wird
484 5680 554 5733 auch
572 5681 642 5733 1295
661 5680 770 5748 August
787 5681 824 5731 24
842 5680 884 5732 als
900 5679 983 5732 Kom-

173 5768 244 5822 ΠΜ
259 5771 389 5836 pensant.
423 5766 511 5835 Wym,
530 5767 609 5821 Heca
627 5765 716 5834 Urba,
736 5765 778 5833 1⁸,
796 5771 858 5821 273.
