4400 6384
356 342 423 408 250
1043 335 1112 391 reae
1131 333 1278 390 omar
1297 334 1321 389 6.

461 535 622 601 Noverint
644 533 790 601 universi
814 531 1014 614 presentium
1037 530 1251 614 inspectores,
1276 532 1362 611 quod
1385 549 1445 594 nos
1468 530 1567 596 Guda
1589 527 1749 610 priorissa
1772 535 1806 593 et
1828 535 2009 595 conventus

355 628 546 709 monasterii
576 648 691 707 sancte
721 639 826 705 Marie
856 638 1051 721 Magdalene
1082 640 1124 703 ad
1154 636 1344 702 Penitentes
1374 635 1408 701 in
1431 635 1662 718 Fraukcrrsord
1690 655 1749 717 pro
1773 634 1867 700 nobis
1891 641 1924 700 et
1948 653 2009 717 ego

354 749 408 831 H,
426 748 449 820 ll
468 747 627 829 plebanus
659 744 874 828 parrochialis
899 744 1034 811 ecclesie
1057 743 1091 809 in
1114 744 1229 824 Nieda,
1254 762 1313 825 pro
1340 761 1391 807 me
1416 741 1707 824 compromittimus
1729 740 1764 807 in
1788 740 2009 809 venerabilem

354 854 461 921 vuum
484 861 517 919 et
541 852 702 919 dominum
728 853 933 919 Gerhardum
958 853 997 916 de
1017 848 1233 932 Eppenstein,
1258 847 1460 931 prepositum
1483 847 1620 915 ecclesie
1643 846 1752 914 sancti
1766 846 1858 913 Petri
1871 848 2010 931 Mognn-

356 960 429 1041 tinc,
455 980 514 1043 per
537 966 708 1043 presentes
727 957 751 1031 ll
769 965 935 1040 tamquam
958 957 992 1022 ln
1017 955 1187 1036 arbitrum,
1212 954 1446 1020 arbitratorem
1464 974 1522 1021 seu
1539 953 1742 1021 amicabilem
1760 952 2008 1035 compositorem

354 1087 452 1149 super
483 1066 569 1133 omni
599 1064 825 1132 controversia
855 1084 912 1130 seu
943 1064 1123 1144 questione,
1148 1082 1210 1144 que
1233 1060 1321 1128 inter
1344 1081 1403 1127 nos
1427 1080 1527 1143 super
1551 1060 1684 1127 decimis
1708 1060 1896 1127 animalium
1920 1060 2009 1126 curie

352 1177 386 1243 in
402 1172 568 1241 Grizheim
591 1171 733 1240 vertitur
757 1170 897 1243 collram
921 1170 1048 1236 domino
1072 1171 1197 1235 decano
1221 1168 1357 1235 ecclesie
1376 1168 1485 1234 sancti
1502 1167 1666 1235 Johannis
1683 1166 1882 1251 Mogontinc,
1901 1166 2007 1233 iudice

356 1304 376 1349 a
407 1283 484 1347 sede
515 1278 698 1361 apostolica
730 1277 892 1361 delegato,
909 1283 961 1349 ,ut
990 1275 1075 1341 idem
1106 1274 1254 1343 dominus
1284 1273 1472 1358 prepositus
1501 1273 1583 1340 iuris
1613 1273 1727 1340 ordine
1757 1275 1933 1340 observato
1956 1273 2009 1340 vel

353 1388 482 1457 minime
506 1388 682 1453 observato
707 1392 740 1450 et
764 1387 804 1450 de
828 1385 936 1467 plano,
960 1382 1111 1465 partibus
1127 1381 1336 1465 presentibus
1354 1380 1408 1448 vel
1424 1379 1625 1462 absentibus,
1652 1382 1770 1447 stando
1786 1380 1840 1447 vel
1855 1382 2007 1460 sedendo,

354 1493 485 1560 decidat
502 1500 535 1558 ct
551 1490 745 1558 determinet
760 1489 944 1557 huiusmodi
959 1488 1171 1571 questionem,
1189 1488 1353 1554 vallantes
1376 1486 1562 1553 huiusmodi
1577 1486 1843 1568 compromissum
1857 1486 2008 1553 hincinde

355 1602 416 1667 sub
441 1619 527 1683 pena
553 1599 668 1663 XXX.
689 1616 884 1678 marcarum,
909 1616 971 1678 que
996 1615 1081 1677 pena
1105 1597 1244 1661 debetur
1266 1594 1356 1676 parti
1371 1592 1545 1660 arbitrium
1561 1592 1762 1661 observanti.
1798 1594 1866 1659 Nos
1883 1613 2009 1676 quoque

356 1706 542 1790 prepositus
567 1702 717 1787 prefatus
741 1710 874 1785 recepto
897 1702 931 1768 in
954 1722 1014 1768 nos
1038 1700 1222 1767 huiusmodi
1245 1700 1476 1783 compromisso
1500 1719 1540 1766 ac
1563 1698 1799 1766 deliberatione
1826 1720 1927 1781 penes
1949 1720 2009 1766 nos

356 1812 481 1894 habita,
514 1810 773 1878 circumstanciis
797 1817 831 1877 et
854 1808 1069 1891 qualitatibus
1092 1806 1221 1892 negocii
1244 1807 1499 1889 circumspectis,
1525 1803 1706 1872 statuimus
1716 1812 1750 1871 et
1771 1806 1960 1872 ordinamus
1975 1813 2009 1871 et

355 1918 600 2002 pronunciando
625 1916 769 1998 dicimuS,
795 1923 832 1981 ut
854 1915 939 1981 idem
963 1914 1122 1997 plebanus
1138 1916 1178 1979 de
1194 1915 1330 1997 Nyede⁸
1345 1908 1413 1979 t'um
1430 1921 1566 1996 propter
1582 1911 1756 1996 privilegia
1771 1911 1860 1979 sedis
1877 1918 2009 1994 aposto-

355 2026 426 2107 lice,
451 2032 519 2091 tum
543 2030 678 2106 propter
702 2022 896 2089 sententiam
920 2021 1122 2088 dominorum
1144 2020 1288 2085 iudicum
1310 2019 1398 2086 sedis
1422 2018 1558 2086 ecclesie
1575 2018 1765 2106 Moguntinc
1785 2038 1884 2101 super
1900 2018 2010 2085 huius-

355 2132 443 2198 modi
474 2130 644 2213 questione
672 2129 760 2195 inter
791 2128 913 2195 dictum
943 2127 1177 2193 monasterium
1201 2134 1234 2192 et
1258 2130 1420 2208 quendam
1443 2129 1706 2208 predecessorem
1731 2124 1811 2191 dicti
1828 2178 1835 2190 .
1854 2178 1861 2189 .
1879 2125 2011 2207 plebani

356 2238 518 2320 prolatam
543 2257 582 2303 ac
606 2243 717 2303 nostre
742 2234 925 2302 dilectionis
948 2232 1097 2301 favorem
1121 2232 1313 2315 simpliciter
1336 2232 1506 2299 renunciet
1530 2231 1694 2315 questioni
1712 2240 1901 2313 memorate,
1919 2232 2011 2314 inpo-

356 2352 472 2411 nentes
504 2341 635 2426 prefato
666 2343 805 2425 plebano
837 2348 1030 2423 perpetuum
1061 2339 1226 2405 silentium
1256 2359 1355 2421 super
1381 2338 1551 2420 questione
1575 2338 1777 2421 supradicta,
1802 2338 2013 2405 cessantibus

356 2449 581 2531 questionibus
605 2469 822 2531 expensarum
845 2448 920 2514 hinc
945 2454 978 2513 et
1001 2446 1085 2512 inde.
1133 2445 1301 2513 Prolatum
1326 2452 1376 2511 est
1399 2445 1583 2511 huiusmodi
1607 2444 1779 2511 arbitrium
1801 2445 2014 2526 presentibus

357 2557 495 2624 dominis
526 2556 728 2623 subnotatis:
762 2557 912 2621 Conrado
944 2552 1111 2636 preposito
1143 2552 1278 2618 ecclesie
1309 2552 1344 2617 in
1373 2552 1502 2618 Hosten
1533 2550 1658 2617 ordinis
1689 2550 1799 2617 sancti
1827 2552 2012 2631 Benedicti,

357 2666 455 2729 Petro
480 2662 652 2746 custodi(lr
676 2661 813 2729 ecclesie
829 2658 1163 2739 Frankenlordenste,
1188 2660 1366 2741 Lamperto
1391 2657 1548 2723 canonico
1573 2663 1606 2723 et
1629 2658 1769 2739 plebano
1796 2656 1831 2723 in
1846 2658 2014 2724 Munster·

357 2770 540 2851 meinevelt,
561 2769 775 2836 Treverensr's
800 2767 959 2851 dyocesis
985 2766 1135 2833 Ditmaro
1160 2764 1316 2832 canonico
1341 2770 1373 2830 et
1398 2764 1537 2846 plebano
1554 2762 1870 2846 Frankenlordensr',
1888 2771 1923 2830 et
1938 2764 2015 2831 aliis

357 2896 455 2957 quam
487 2875 634 2958 pluribus
666 2874 847 2959 fidedignis.
903 2874 998 2940 Anno
1030 2871 1151 2939 domini
1179 2871 1219 2937 rb.
1242 2866 1284 2937 o'c.
1307 2850 1504 2951 lXXleI,
1529 2850 1607 2935 XII.
1629 2870 1791 2936 kalendas
1815 2871 2012 2938 novembris,

357 2983 397 3049 In
428 3002 563 3064 quorum
593 2982 814 3049 testimonium
844 2987 878 3047 et
907 2978 1035 3047 roboris
1065 2978 1253 3045 firmitatem
1282 2998 1343 3044 nos
1373 2977 1560 3060 prepositus
1592 2977 1700 3044 sancti
1722 2978 1814 3043 Petri
1843 2978 2014 3060 predictus

358 3092 398 3155 de
429 3108 589 3155 consensu
621 3095 654 3154 ct
685 3092 727 3154 ad
757 3093 910 3171 rogatum
940 3086 1101 3153 dictarum
1132 3084 1278 3167 parcium
1309 3090 1480 3165 presentes
1503 3083 1634 3150 litteras
1657 3103 1820 3149 unacum
1843 3084 1951 3168 sigillo
1976 3088 2012 3151 C.

359 3195 518 3278 prepositi
541 3199 581 3261 de
598 3197 725 3261 Hosten
749 3193 931 3275 supradicti
950 3192 1048 3277 sigilli
1069 3191 1174 3258 nostri
1188 3190 1363 3257 munimine
1380 3190 1530 3257 duximus
1542 3192 1756 3258 roborandas.
1799 3192 1868 3258 Nos
1884 3212 2015 3273 quoque

359 3301 545 3383 prepositus
576 3305 616 3369 de
640 3303 766 3368 Hosten
798 3300 907 3383 rogati
930 3306 964 3366 et
987 3299 1020 3365 in
1044 3298 1241 3384 singnumtl)
1265 3296 1443 3364 testimonii
1467 3296 1608 3381 sigillum
1631 3303 1780 3363 nostrum
1803 3298 2016 3379 presentibus

359 3406 509 3473 duximus
533 3411 772 3491 apponendum.
819 3408 942 3473 Datum
966 3426 1051 3472 anno
1076 3414 1110 3471 et
1133 3405 1185 3471 die
1209 3402 1454 3488 suprascriptis.

576 3549 621 3603 Or.
636 3550 723 3618 Ppmt.
761 3549 932 3617 Abbanqerrd
957 3552 985 3614 1)
1005 3547 1094 3616 Sieyel
1119 3548 1166 3601 dra
1191 3548 1322 3617 Propatea
1347 3546 1475 3601 Gerbord
1499 3563 1552 3601 ooo
1569 3546 1709 3616 Eppstrr'rr
1734 3546 1909 3615 (epila-ooak
1933 3548 2017 3601 wohl·

626 3639 768 3706 erhulteu),
786 3642 816 3701 2)
838 3636 1045 3706 Sieyelatreisco.
1084 3635 1123 3689 St.
1136 3637 1171 3689 A.
1187 3635 1246 3703 Fr,
1262 3633 1558 3703 Wciaasrouenlrlooter,
1576 3634 1655 3689 Lade
1674 3637 1716 3702 17,
1737 3636 1771 3691 G.
1784 3635 1838 3689 No.
1854 3640 1879 3688 1.

574 3726 673 3781 Orda:
691 3728 735 3794 B,
753 3730 807 3781 227
825 3728 894 3780 ncclr
912 3726 971 3779 dem
992 3725 1048 3791 Or,
1071 3748 1104 3771 =
1125 3723 1220 3789 Seuer,
1240 3724 1266 3792 I,
1285 3727 1344 3778 625.
1381 3724 1534 3778 Erwdbnt:
1552 3724 1679 3793 Lama,
1697 3721 1742 3790 1⁶,
1762 3727 1805 3779 79.

361 4055 451 4130 520.
476 4064 586 4149 Kb'rrip
613 4066 737 4147 liudolf
758 4069 845 4130 rocist
862 4064 972 4130 Utriclr
996 4086 1055 4129 6666
1073 4064 1194 4128 Horou
1220 4084 1324 4147 roeqen
1346 4066 1449 4127 seincr
1471 4064 1541 4128 dem
1556 4063 1671 4128 Reiclrc
1693 4063 1869 4146 peleisteterr
1883 4061 2021 4127 Dirrtstc

477 4177 541 4235 100
564 4172 664 4236 Mart
687 4173 751 4253 auf
771 4174 821 4236 dic
844 4172 958 4252 Hdlftc
982 4172 1036 4235 des
1059 4170 1188 4255 Uopelts
1211 4192 1253 4234 ru
1275 4169 1460 4251 Frankfu-rt
1483 4170 1549 4233 uod
1571 4192 1613 4233 ru
1638 4169 1841 4234 Getntaosen
1863 4170 1929 4233 arrd
1951 4171 2024 4251 auf

476 4278 527 4341 die
550 4278 658 4342 Juderr
681 4281 716 4341 irc
739 4280 877 4342 letetrrer·
900 4278 991 4342 stadt
1014 4299 1066 4342 oo.
1114 4279 1239 4360 Speyer,
1265 4281 1353 4341 1286
1375 4275 1545 4340 December
1569 4282 1599 4339 6.

468 4419 536 4484 Nos
566 4417 729 4485 Rudolfus
760 4418 812 4484 dei
841 4417 955 4501 gracia
983 4420 1204 4484 Romanorum
1234 4438 1302 4499 rex,
1334 4436 1463 4500 semper
1492 4425 1663 4500 augustus.
1710 4418 1764 4483 Ad
1785 4416 2024 4483 universorum

362 4524 449 4591 sacri
478 4524 606 4606 imperii
629 4524 769 4591 Romani
798 4524 939 4590 fidelium
959 4525 982 4597 ll
1001 4524 1157 4590 noticiam
1183 4532 1296 4591 tenore
1319 4523 1525 4605 presencium
1548 4524 1696 4590 volumus
1720 4522 1903 4605 pervenire,
1927 4528 2024 4603 quod

362 4650 421 4697 nos
445 4638 581 4713 propter
603 4637 702 4713 grata
725 4630 893 4697 fidelitatis
918 4639 952 4697 et
975 4630 1163 4698 devocionis
1186 4650 1287 4712 opera
1302 4628 1326 4703 ll
1340 4636 1374 4695 et
1396 4628 1569 4696 fructuosa
1586 4629 1738 4711 servicia,
1763 4628 1880 4711 quibus
1896 4629 2024 4696 nobilis

361 4736 413 4803 vir
436 4736 569 4803 Ulricus
599 4739 638 4801 de
665 4737 836 4803 Hanouwe
867 4735 1005 4803 dilectus
1035 4736 1140 4803 fidelis
1171 4743 1284 4802 noster
1314 4755 1395 4819 erga
1424 4755 1484 4802 nos
1514 4742 1549 4802 et
1577 4734 1749 4817 imperium
1767 4734 1791 4808 ll
1808 4734 2025 4801 incessanter

362 4841 490 4923 enituit,
522 4842 584 4907 sibi
618 4863 657 4909 ex
686 4841 888 4909 liberalitate
918 4842 1010 4925 regia
1041 4849 1171 4907 centum
1200 4860 1330 4907 marcas
1362 4841 1569 4908 denariorum
1593 4841 1834 4907 Coloniensiom
1864 4838 2026 4909 duximus

362 4948 591 5032 assignandas,
615 4955 653 5013 ut
682 4951 813 5014 easdem
843 4951 882 5015 de
912 4949 1088 5015 medietate
1118 4948 1242 5031 nagelti
1274 4951 1362 5029 apud
1384 4949 1629 5029 Frankenvort,
1661 4950 1747 5029 quod
1776 4946 1895 5013 ibidem
1927 4948 2025 5015 cedit

361 5053 506 5136 imperio,
532 5061 565 5121 et
595 5058 635 5120 de
664 5054 840 5121 medietate
870 5054 996 5139 ungelti
1020 5058 1107 5137 apud
1131 5055 1333 5122 Geilnhusen
1357 5060 1391 5119 et
1414 5056 1454 5119 de
1477 5054 1582 5120 iudeis
1605 5053 1725 5121 ibidem
1748 5073 1851 5135 usque
1874 5056 1917 5119 ad
1940 5072 2028 5134 pre·

361 5158 467 5227 iatam
496 5180 652 5226 summam
683 5160 845 5242 percipiat
874 5160 1081 5243 integraliter
1112 5167 1145 5227 et
1172 5160 1332 5242 conplete,
1358 5162 1476 5225 dantes
1504 5159 1567 5225 sibi
1589 5161 1651 5225 bas
1674 5165 1807 5264 nostras
1829 5159 1963 5225 litteras
1986 5162 2028 5229 in

362 5266 583 5333 testimonium
606 5286 705 5350 super
726 5286 773 5334 eo.
821 5267 944 5334 Datum
964 5267 1068 5349 Spire,
1082 5266 1175 5332 Vlll.
1193 5266 1266 5332 idus
1287 5264 1477 5347 decembris,
1501 5264 1679 5332 indictione
1697 5266 1781 5347 XV,
1795 5285 1881 5332 anno
1894 5267 2029 5334 domini

362 5373 402 5439 rb.
425 5366 467 5439 e‘c.
489 5352 637 5439 LXXX.
660 5379 764 5456 sexto,
789 5372 883 5457 regni
905 5392 984 5441 vero
1008 5372 1114 5440 nostri
1138 5391 1223 5439 anno
1250 5372 1382 5438 xfllr.

578 5514 624 5568 Or.
637 5516 725 5584 Ppmt.
739 5515 788 5568 mit
805 5515 1222 5585 odbanyeodem,rcrbrocbeara
1236 5500 1493 5584 disjectam-Sicca.
1526 5513 1766 5586 St.A.ll1crrbrrrq.
1797 5514 1938 5570 Hmrouer
1950 5516 2030 5573 Urb.

628 5604 809 5657 Possioleben.
830 5634 863 5641 -
884 5603 1042 5670 Gratesend.

629 5780 653 5829 a)
668 5776 758 5820 Bostar.
