4400 6384
387 282 429 345 94
966 280 1034 333 1255
1053 279 1120 333 Juui
1141 280 1175 333 10
1193 310 1226 317 -
1247 280 1316 331 1255
1334 279 1401 333 Iuni
1419 280 1462 331 30.

382 479 532 545 fidelibus
556 485 741 560 presentem
766 478 918 561 paginam
942 477 1141 559 inspecturis
1160 476 1184 549 ll
1201 476 1346 560 graciam
1371 496 1463 542 suam
1487 483 1520 541 et
1544 478 1781 541 omnebonum.
1817 474 1957 540 Noverit
1973 483 2042 540 tam

383 606 520 668 presens
550 594 622 651 etas
654 606 750 667 (puram
780 605 974 651 successura
1006 586 1195 667 posteuitas,
1227 584 1311 663 ‹prrrul
1343 604 1402 648 nos
1433 586 1473 649 de
1504 582 1753 665 providentias!
1778 582 1906 649 consilii
1936 582 2043 649 nostri

383 693 489 759 locum
512 701 546 759 et
569 692 704 758 fundum
728 693 868 758 nemoris
894 694 978 773 apud
1005 689 1244 771 Fraukelor·t,⁸
1268 691 1353 770 quod
1377 690 1524 755 Lindehe
1555 689 1684 769 dieitur,
1716 689 1750 754 in
1781 709 1822 755 ea
1852 688 2041 769 quantitate

383 807 417 865 et
441 799 687 879 estillmatione,
720 806 879 881 quantum
904 798 1061 880 competit
1084 797 1253 863 laboribus
1277 816 1335 862 sex
1358 804 1555 877 aratrorum,
1583 796 1616 862 in
1647 816 1688 861 ea
1710 803 1816 878 parte,
1847 796 1905 861 ubi
1927 815 2043 861 nemus

383 913 566 973 resecatum
591 913 651 988 est,
684 906 828 971 claustro
853 908 893 971 de
917 906 1048 969 Throno
1073 912 1188 970 sancte
1211 904 1316 969 llIarie
1340 904 1536 969 contubmus
1560 910 1696 985 propter
1718 906 1823 968 deum.
1871 903 2040 982 Volentes

383 1019 420 1078 ut
443 1012 596 1094 quioquid
620 1012 739 1077 ibidem
763 1012 911 1077 excolere
936 1018 1089 1094 poterunt
1121 1009 1286 1091 utilitatis,
1317 1009 1420 1075 libere
1450 1009 1604 1091 deinceps
1635 1009 1826 1090 possideant
1856 1016 1889 1074 et
1920 1010 2039 1090 quiete.

383 1120 578 1185 Mandonius
601 1118 703 1202 igitur
736 1119 935 1184 auctoritate
966 1118 1058 1200 regia
1090 1116 1228 1183 firmiter
1260 1116 1489 1199 precipientes
1525 1123 1563 1180 ut
1597 1116 1705 1181 nullus
1740 1116 1793 1197 sit,
1830 1116 1885 1198 qui
1918 1116 2041 1181 dictum

383 1226 617 1291 monasterium
641 1233 674 1291 et
694 1245 823 1291 sorores
844 1226 963 1291 ibidem
978 1224 1137 1290 altisSImo
1154 1222 1354 1289 famulantes
1377 1223 1410 1288 in
1433 1221 1591 1305 predictis
1606 1222 1700 1287 bonis
1717 1226 1838 1288 audeat
1853 1221 2040 1300 molestare,

384 1352 441 1398 seu
465 1336 640 1414 dampnum
665 1332 711 1397 eis
735 1340 794 1397 aut
817 1351 995 1415 gravamen
1021 1330 1152 1412 aliquod
1175 1330 1333 1413 irrogare.
1371 1332 1464 1414 Quod
1488 1328 1543 1410 qui
1560 1328 1670 1395 lacere
1687 1330 1933 1411 presumpserit,
1958 1328 2041 1393 iram

385 1439 545 1505 tremendi
574 1438 690 1504 iudicis
714 1445 890 1519 nostreque
915 1438 1117 1503 celsitudinis
1144 1457 1280 1519 gravem
1309 1435 1567 1518 indignationem
1597 1455 1632 1501 se
1663 1436 1793 1502 noverit
1822 1435 2039 1501 meursurum.

383 1548 540 1611 Preterea
551 1545 585 1610 id
602 1545 805 1611 adiciendum
823 1545 972 1610 duximus
991 1551 1026 1610 et
1041 1543 1136 1610 nobis
1152 1550 1186 1609 et
1200 1543 1335 1625 imperio
1352 1543 1385 1607 In
1401 1543 1578 1608 donatione
1594 1542 1777 1608 huiusmodi
1792 1545 2039 1612 reservandum.

385 1654 468 1733 quod
494 1652 522 1718 si
545 1672 604 1717 nos
627 1652 680 1717 vel
704 1671 910 1718 successores
934 1651 1040 1717 nostri
1059 1670 1166 1716 emere
1182 1647 1403 1717 voluerunusb
1419 1648 1568 1731 predicta
1583 1651 1680 1729 bona,
1699 1669 1757 1731 pro
1775 1655 1905 1714 eentum
1921 1648 2041 1713 marcis

384 1760 544 1841 possimus
576 1758 678 1824 libere
706 1760 874 1824 rehabere.
922 1760 961 1823 In
995 1757 1086 1823 cuius
1119 1755 1169 1823 rei
1201 1756 1421 1822 testimonium
1454 1764 1624 1838 presentes
1656 1754 1787 1821 litteras
1820 1754 1938 1821 exinde
1970 1754 2042 1819 fieri

383 1864 519 1931 lecimus
544 1872 577 1931 et
600 1872 713 1931 nostro
739 1864 844 1948 sigillo
865 1864 992 1930 muniri.
1031 1865 1153 1929 Datum
1170 1863 1410 1946 Geylenbusen,
1440 1863 1512 1928 XV.
1530 1862 1575 1927 kl.
1593 1862 1713 1944 april..
1739 1862 1924 1927 indictione
1942 1862 2039 1926 XIII.

383 1974 479 2037 Anno
502 1971 624 2037 domini
642 1952 685 2036 II.
712 1951 772 2037 ult.
798 1951 836 2036 Ι..
863 1971 986 2053 quinto.

598 2114 644 2168 Or.
658 2114 745 2182 Ppmt.
765 2114 814 2167 mil
834 2114 1082 2181 Siepelbrucbsldclr
1100 2130 1139 2166 oa
1158 2113 1258 2165 benten
1276 2112 1515 2166 Seidenaclmdrcu.
1545 2110 1637 2165 Sient.
1648 2110 1819 2177 Wieabadea,
1837 2110 1886 2164 ΚΖ.
1904 2110 2004 2163 Theou.

598 2203 696 2257 deda:
715 2203 865 2269 Meermou,
886 2202 1081 2268 Geecbiedeur‘s,
1107 2201 1137 2269 V,
1155 2204 1216 2255 210.
1255 2200 1353 2260 Saum,
1373 2200 1399 2266 I,
1418 2203 1471 2253 354
1489 2200 1560 2253 oracli
1577 2199 1635 2251 dem
1658 2199 1704 2254 Or.
1725 2240 1731 2251 .

602 2291 695 2344 Vera:
713 2292 740 2344 B
751 2292 798 2345 -R
820 2290 872 2343 No.
887 2294 964 2344 5243.

384 2532 476 2609 194.
510 2543 646 2619 libram,
674 2540 789 2621 Propsl
811 2562 864 2604 our
888 2539 970 2604 Dour
996 2539 1061 2602 rrrcd
1083 2561 1125 2602 en
1148 2540 1193 2602 st.
1210 2537 1458 2620 illorirrtprrrlcu
1485 2541 1518 2600 in
1541 2537 1666 2616 illudne,
1699 2539 1842 2621 oestrutpc
1864 2538 1948 2601 nacla
1971 2538 2037 2600 doru

504 2649 673 2732 Vorpanpc
702 2648 756 2711 (les
780 2645 990 2726 Erebisclrofs
1016 2646 1165 2710 (J'crlrurd
1195 2646 1260 2708 trud
1290 2646 1344 2708 (lca
1368 2645 1518 2708 Mainarr
1540 2643 1754 2725 Dourcupilrla
1785 2645 1854 2708 dem
1883 2643 2038 2707 Derctsclr-

501 2755 596 2819 orden
619 2755 678 2818 dte
702 2754 811 2817 Besite
833 2754 888 2817 ‹Ics
913 2751 1085 2817 Patrensis
1114 2776 1154 2816 eu
1178 2751 1494 2816 Nudo-Wodstadr
1518 2751 1754 2831 (llldlrnstul).
1802 2750 1928 2825 Maiore,
1953 2756 2037 2814 1255

500 2862 583 2926 June
606 2866 658 2926 10.
705 2861 790 2943 (1111
813 2858 855 2925 id.
874 2858 954 2943 iun.)

599 3002 698 3057 eade:
716 3002 805 3068 Boar,
825 3000 902 3054 Hess.
921 3000 994 3065 Ure,
1014 3000 1040 3067 I,
1061 3004 1096 3053 79
1113 3000 1225 3069 peltant
1243 3000 1314 3053 rtoclr
1332 3000 1391 3052 ἀιπι
1413 2998 1458 3051 Or.
1478 3016 1513 3052 zu
1532 2998 1705 3052 Domutodt.

385 3251 476 3328 195.
499 3259 649 3325 Dcrselbe
680 3266 820 3345 peeluttel
852 3262 911 3324 den
945 3258 1338 3323 Derrlsrlronlrnsbrildrro
1372 3278 1413 3321 ru
1444 3257 1704 3322 Suclrseahuusrn
1739 3256 1788 3321 (lic
1821 3256 1968 3320 Kirrluut
1999 3279 2037 3319 eu

502 3368 772 3450 (Nicrler)-Mdrle
797 3368 861 3431 eund
888 3366 1053 3431 ll'ollsradt
1078 3369 1132 3429 rrrr't
1154 3366 1333 3448 trrupliclren
1359 3364 1662 3446 (lrrlerrsprr'slliclren
1683 3386 1724 3427 eu
1749 3365 1894 3427 bracteam.
1941 3366 2035 3427 Siriu-

500 3476 590 3553 heinr,
616 3480 702 3539 1255
727 3474 809 3539 Jrrrri
832 3480 885 3538 23.

492 3615 668 3698 Religiosis
700 3615 790 3697 viris,
824 3614 857 3680 in
882 3614 1011 3680 Christo
1045 3613 1174 3679 dilectis
1199 3653 1230 3664 ·-
1262 3612 1508 3677 conmendatori
1536 3611 1718 3693 ceterisque
1742 3610 1902 3677 fratribus
1927 3612 2035 3676 domus

385 3706 586 3789 'Ibeutonice
604 3721 628 3795 ll
644 3722 679 3787 in
703 3723 937 3803 Sassenhusen,
953 3722 1016 3802 W,
1034 3720 1086 3785 dei
1110 3720 1220 3804 gratia
1242 3719 1375 3785 maioris
1399 3727 1432 3784 et
1456 3725 1570 3784 sancte
1593 3719 1698 3784 Marie
1722 3722 1763 3783 ad
1781 3720 1914 3786 Gradus
1938 3718 2036 3783 eccle

386 3829 508 3896 siarum
531 3829 717 3911 prepositus
733 3828 913 3912 Maguntie,
939 3828 1077 3893 salutem
1101 3826 1135 3891 in
1159 3847 1206 3908 eo,
1232 3826 1288 3907 qui
1306 3833 1357 3891 est
1373 3826 1512 3891 omnium
1528 3846 1608 3893 vera
1625 3826 1724 3891 salus.
1761 3827 1809 3892 Ut
1824 3828 1867 3891 ad
1882 3824 2035 3891 ecclesias

387 3936 575 4002 vestraein
599 3937 702 4002 Morle
726 3942 760 4001 et
782 3936 816 4002 in
835 3936 1036 4001 Wullenstat
1059 3932 1184 4000 iratres
1208 3936 1247 3999 de
1271 3940 1383 4000 vestro
1407 3932 1529 4013 ordine,
1555 3952 1636 4012 quos
1659 3935 1701 3997 ad
1725 3932 1870 4016 regimen
1893 3930 2035 4015 ipsarum

385 4042 535 4109 videritiS
557 4042 702 4124 idoneos,
733 4042 905 4109 instituere
930 4049 964 4107 et
987 4040 1085 4107 etiam
1110 4060 1277 4107 removere
1301 4039 1435 4122 possitis
1466 4058 1524 4121 pro
1554 4046 1665 4105 vestre
1695 4038 1902 4121 beneplacito
1926 4038 2035 4105 volun-

386 4148 476 4231 tatis,
508 4149 601 4215 uobis
626 4148 825 4231 presentium
849 4147 1033 4215 testimonio
1057 4147 1272 4230 Indulgemua
1304 4146 1396 4212 salvo
1420 4165 1478 4226 per
1508 4144 1617 4210 omnia
1646 4152 1759 4211 nostro
1789 4144 1869 4210 iure.
1918 4145 2033 4211 Datum

386 4258 474 4337 apud
501 4254 688 4337 Steinheim,
715 4275 800 4321 anno
825 4254 944 4321 domini
967 4256 1011 4319 M.
1037 4256 1097 4321 CC.
1124 4254 1162 4319 L.
1188 4254 1311 4334 quinto,
1336 4252 1370 4317 in
1394 4250 1508 4335 vigilia
1529 4252 1621 4317 beati
1644 4250 1806 4317 Johannis
1829 4251 1985 4333 baptiste.

601 4396 647 4450 Or.
661 4396 748 4466 Ppmt.
768 4396 817 4449 mit
836 4396 1037 4463 abbanpendem
1054 4396 1259 4465 puterbaltcnm
1277 4392 1371 4462 Siepel.
1409 4393 1447 4446 St.
1462 4395 1496 4447 A.
1516 4392 1689 4448 Dormetadt.
1709 4423 1743 4430 —
1763 4391 1922 4458 Grotesend.

599 4485 690 4551 θεᾶν,
709 4486 822 4555 pelritrzt
839 4485 898 4538 arrd
915 4486 976 4537 sehr
994 4484 1157 4549 sedlerlroft:
1176 4484 1265 4548 Baur,
1285 4482 1363 4535 Heca
1382 4482 1472 4549 Urlcb,
1492 4483 1516 4548 Ι,
1539 4486 1578 4535 79.

603 4574 696 4627 Vera:
715 4573 820 4641 Scriba,
839 4573 882 4639 ΙΙ,
904 4574 955 4627 No.
970 4574 1113 4643 472lrrip
1130 4590 1166 4626 ru
1184 4572 1255 4625 June·
1271 4576 1315 4626 25.

385 4821 476 4898 196.
500 4831 568 4896 Der
597 4834 770 4897 rlueirrisclro
800 4833 993 4896 Stridteburrd
1025 4834 1107 4895 bilici
1136 4832 1196 4895 (lea
1218 4830 1329 4915 Kdnip
1356 4832 1507 4910 ll'r'llmlru,
1538 4833 1588 4895 dir·
1617 4832 1682 4913 uris
1707 4833 1775 4896 (leur
1806 4832 1967 4914 biiidtclup
1993 4852 2029 4893 zu

499 4939 615 5003 diuina
638 4962 690 5004 (cru
712 4946 765 5003 29.
787 4940 870 5004 Jzuu
887 4945 972 5003 12:55
997 4939 1229 5003 besclrloamrnrr
1252 4941 1433 5023 Sulermpcn
1455 4940 1510 5002 des
1532 4939 1769 5020 Lurrlfriedeus
1792 4962 1834 5003 eu
1857 4940 2027 5023 bestrilipor.

500 5046 625 5125 illatae,
651 5052 737 5111 1255
762 5046 845 5111 lum
868 5052 920 5110 30.

493 5186 643 5255 Glorioso
679 5187 806 5254 domiuo
842 5207 917 5269 suo,
949 5188 1171 5252 Romanorum
1205 5186 1277 5271 regi
1302 5185 1484 5253 Wilhelmo.
1544 5186 1702 5253 consules
1737 5194 1771 5253 et
1804 5186 1929 5253 iudices
1963 5187 2029 5269 plus

385 5314 483 5375 quam
512 5295 620 5360 LXX.
654 5294 824 5360 civitatum
856 5294 1035 5376 superioris
1067 5294 1259 5375 Germanie,
1290 5294 1515 5360 reverenciam
1545 5300 1578 5359 et
1608 5293 1797 5375 obsequium
1828 5293 2027 5376 perbeunale.

384 5400 592 5467 Excellencie
633 5408 744 5469 vestre
790 5408 903 5467 tenore
942 5400 1147 5483 presencium
1184 5401 1406 5482 declaramuS,
1447 5403 1531 5481 quod
1572 5401 1665 5467 nobis
1705 5405 1793 5483 apud
1829 5399 2029 5484 Magunciam

385 5507 602 5573 existentibus
633 5507 684 5573 die
714 5508 846 5573 XXIX.
880 5508 999 5573 mensis
1029 5507 1110 5572 iunii
1141 5510 1182 5572 ad
1214 5507 1367 5589 generale
1398 5507 1608 5588 colloquium,
1640 5508 1805 5574 mediante
1835 5507 1936 5573 nobili
1964 5505 2027 5572 viro

652 5744 676 5785 a)
692 5738 740 5778 Sol
766 5737 789 5785 b)
804 5736 886 5779 Lelzlc
901 5736 968 5780 Silbe
982 5736 1040 5779 elder
1056 5737 1139 5779 Rusur
1152 5748 1197 5778 ron
1212 5736 1317 5779 nudarer
1332 5736 1415 5779 Haud.
