4400 6384
389 335 454 400 482
982 333 1050 386 1310
1069 331 1127 386 Juli
1146 333 1179 384 st
1200 363 1233 372 -
1255 331 1324 386 1310
1341 331 1400 386 Jnli
1417 331 1461 384 28.

390 523 481 598 932.
505 531 616 616 Kiiut'g
641 532 794 596 Heirtrr'rlr
816 531 894 594 VII.
919 533 1062 614 tresidiipt
1091 531 1155 594 rom
1179 535 1320 594 rrrrcrrrri
1342 531 1402 594 den
1428 528 1644 610 Froudfurirr
1660 528 1813 611 Bt'r'rperrt
1836 529 1898 591 nile
1921 527 2048 590 Ruricio.

505 637 685 704 Freiireiien
714 639 779 702 strui
812 638 956 717 Guarinus,
983 638 1093 701 toeicbc
1124 638 1217 701 lirrosa
1240 640 1324 702 cetrae
1344 636 1527 717 Vorsobrerr
1557 657 1610 700 aru
1631 635 1730 700 Retro
1760 635 1912 698 rerlr'rbcu
1935 635 2049 698 buben.

507 744 701 827 Fruubsurt,
727 751 814 810 1310
836 745 909 810 Jolt
932 749 985 808 27.

496 886 672 953 Heinricus
702 895 746 949 dei
774 895 868 964 gracia
895 895 1078 948 Romanorum
1108 909 1166 962 rer,
1191 909 1297 961 semper
1330 901 1474 964 augustus.
1531 894 1669 947 Universis
1697 894 1769 946 sacri
1795 891 1914 946 Romani
1941 891 2052 958 imperii

390 1000 515 1055 fidelibus
542 1009 683 1070 presentes
710 1002 820 1057 litteras
847 1001 1026 1070 inspecturis,
1059 1001 1182 1070 graciam
1209 1017 1287 1056 suam
1310 1003 1325 1066 j,
1351 1007 1381 1056 et
1408 1016 1486 1055 omne
1512 1000 1620 1056 bonum.
1667 1000 1788 1070 Dignum
1816 999 1924 1054 iudicat
1951 1003 2052 1052 nostra

391 1109 525 1163 serenitas
550 1113 580 1163 et
605 1108 735 1175 decernit,
754 1109 826 1178 qnod
852 1107 971 1162 fidelium
998 1115 1155 1163 nostrornm
1180 1108 1326 1164 commodis
1351 1116 1431 1164 tauto
1457 1109 1608 1180 gratiosius
1633 1108 1816 1176 intendamus,
1835 1112 1940 1174 quanto
1966 1105 2052 1159 iidem

390 1217 590 1282 sacrosanctus
609 1215 732 1270 Romano
750 1217 863 1284 imperio
883 1222 910 1270 et
930 1217 1014 1283 nobis,
1035 1208 1138 1291 ipsius
1157 1220 1240 1284 atque
1253 1216 1293 1270 rei
1305 1216 1413 1284 publice
1426 1232 1519 1271 euram
1531 1216 1699 1286 gerentibus,
1713 1215 1819 1270 fidelius
1832 1213 2050 1282 coniunguntur.

392 1323 459 1377 Cum
483 1322 556 1378 eninr
579 1321 751 1378 subditorum
776 1323 875 1378 bonum
900 1330 928 1378 et
954 1323 1156 1378 commoditatis
1177 1326 1186 1387 ',
1203 1330 1382 1394 augmentum
1407 1330 1505 1379 nostra
1530 1329 1659 1393 procurat
1683 1321 1827 1390 serenitas,
1853 1319 2050 1375 dilatationem

391 1429 502 1485 honoris
520 1429 592 1500 regii
610 1436 638 1485 et
657 1429 803 1500 dignitatis
822 1430 929 1499 imperii
946 1446 1143 1499 promovemus.
1185 1431 1357 1500 Quapropter
1375 1431 1532 1486 inherentes
1551 1431 1677 1486 divorum
1695 1432 1893 1499 imperatorum
1908 1435 1938 1482 et
1954 1443 2048 1497 regum

393 1531 631 1612 Romanorum,
655 1537 750 1592 inclite
776 1537 976 1593 recordacionis
996 1543 1198 1592 antecessorum
1218 1546 1382 1605 nostrorum,
1401 1537 1528 1608 vestigiis
1547 1544 1576 1592 et
1594 1537 1749 1607 exemplis·
1768 1537 1839 1604 illes,
1858 1552 1928 1604 qnos
1947 1534 1984 1587 ad
2003 1549 2048 1587 nos

393 1650 422 1699 et
447 1651 543 1699 nostra
561 1651 684 1720 tempora
702 1645 886 1715 predictorum
906 1646 1100 1715 imperatorum
1120 1650 1149 1699 et
1167 1660 1262 1714 regum
1281 1645 1310 1698 in
1329 1645 1539 1699 conservacione
1559 1644 1635 1712 iuris,
1653 1643 1792 1698 libertatis
1811 1648 1841 1696 et
1858 1643 1973 1697 honoris
1992 1657 2047 1710 per-

393 1750 474 1806 duxit
497 1752 655 1820 posteritas,
675 1751 816 1820 cupientes
842 1753 870 1806 in
896 1752 998 1818 eadem,
1016 1765 1071 1820 qua
1093 1757 1122 1806 et
1144 1751 1205 1821 ipsi,
1225 1751 1321 1821 gracia
1346 1751 1504 1806 contovere:
1531 1737 1639 1806 dilectis
1665 1750 1790 1805 fidelibus
1815 1751 1920 1804 nostris
1946 1748 2047 1803 ciuibus

393 1857 696 1913 Frankenfordensibus
715 1859 807 1914 omnia
824 1861 893 1925 iura,
914 1858 1057 1914 libertates
1075 1863 1105 1914 et
1124 1861 1240 1930 gracias,
1261 1877 1278 1914 a
1295 1875 1394 1930 magne
1411 1861 1611 1914 recordacionis
1623 1858 1720 1913 inclito
1733 1858 1872 1912 Friderico
1885 1859 2047 1924 imperatore

395 1965 586 2034 Romanorum,
606 1969 780 2021 antecessore
802 1972 905 2036 nostro,
924 1973 953 2021 et
972 1966 1034 2022 aliis
1052 1973 1118 2021 ante
1136 1968 1225 2036 ipsum
1243 1966 1420 2034 Fridericum,
1439 1971 1522 2035 prout
1541 1965 1608 2035 ipsis
1625 1966 1731 2021 ciuibus
1749 1965 1823 2020 iuste
1848 1977 1888 2023 ac
1913 1965 1969 2018 rite
1988 1967 2047 2017 sunt

394 2073 498 2128 tradite
516 2078 545 2129 et
562 2088 697 2143 concesse,
717 2075 749 2129 de
767 2074 940 2145 benignitate
959 2074 1115 2130 maiestatis
1133 2076 1209 2145 regie
1227 2073 1398 2130 concedimus
1417 2081 1446 2129 et
1464 2088 1607 2128 concessas
1625 2072 1761 2142 presentis
1782 2070 1886 2126 decreti
1903 2071 2046 2125 munimine

394 2180 563 2236 auctoritate
576 2183 654 2252 regia
665 2181 862 2237 confirmamus.
885 2181 959 2236 Nulli
973 2197 1038 2252 ergo
1055 2173 1183 2240 omnino
1204 2181 1342 2236 hominum
1360 2181 1424 2236 huic
1439 2186 1534 2236 nostre
1546 2179 1729 2236 concessionis
1745 2179 1779 2239 ei
1794 2169 2045 2240 confirmationis

395 2287 540 2360 privilegio
558 2288 643 2344 liceat
661 2289 849 2344 contradicere
867 2289 911 2344 vel
929 2289 1015 2344 eidem
1034 2303 1104 2344 ausu
1121 2289 1266 2343 temerario
1284 2289 1430 2344 contraire.
1462 2288 1539 2356 Qnod
1550 2290 1597 2357 qni
1611 2288 1702 2343 lacere
1713 2288 1920 2356 presumpserit,
1939 2299 2044 2355 marem

395 2400 488 2450 nostre
514 2395 686 2452 celsitudinis
711 2395 932 2467 indignacionem
957 2411 986 2452 se
1012 2396 1121 2451 noverit
1146 2396 1301 2451 incurrisse.
1339 2397 1371 2451 Iu
1398 2396 1476 2452 enine
1494 2397 1535 2451 rei
1553 2395 1740 2451 testimonium
1759 2401 1915 2463 presentem
1934 2392 2044 2447 litteram

396 2503 478 2556 dictis
496 2501 600 2557 civibus
621 2495 790 2578 tradimus,
812 2501 897 2572 sigilli
916 2509 1009 2558 nostre
1028 2505 1185 2559 maiestatis
1203 2503 1352 2558 munimine
1371 2504 1573 2558 communitam.
1620 2495 1743 2561 Datum
1766 2497 1856 2576 apud
1879 2494 2044 2560 Franktn-

396 2599 473 2668 furt.
491 2581 548 2668 lii.
570 2601 730 2669 kalendas
761 2602 901 2686 augusti.
950 2603 1135 2670 indictione
1165 2613 1296 2672 octava.
1344 2606 1439 2670 Anno
1470 2603 1591 2670 domini
1621 2602 1788 2692 millesimo
1820 2602 2042 2668 trecentesimo

398 2708 531 2774 decimo.
579 2708 688 2792 Regni
710 2728 789 2776 vero
813 2709 919 2775 nostri
943 2730 1028 2778 anno
1053 2715 1205 2777 secundo.

614 2851 659 2905 Or.
674 2851 762 2922 Ppmt.
807 2853 982 2923 Aubdupsod
1012 2853 1063 2908 das
1092 2854 1175 2909 muca
1205 2855 1341 2910 erbultm
1368 2853 1599 2924 Majeetdtasr'rpel
1627 2869 1666 2907 arr
1692 2853 1876 2922 rom-gelbes
1904 2853 2043 2906 b'cbnrirsa.

665 2939 704 2995 st.
718 2940 752 2994 A.
767 2939 818 2994 Fr.
835 2939 910 2995 Pria.
924 2941 977 2994 No.
990 2943 1034 2996 26.

613 3027 712 3082 Gedm:
730 3029 761 3082 P.
781 3035 805 3083 et
824 3029 865 3096 P,
885 3029 910 3097 I,
930 3033 971 3096 15,
991 3031 1035 3098 II,
1056 3035 1090 3085 12
1110 3054 1142 3078 =
1162 3032 1265 3103 Leiut'p,
1285 3033 1318 3087 R.
1334 3034 1376 3098 A,
1398 3031 1489 3099 XIII,
1509 3035 1570 3099 563,
1598 3031 1631 3085 B.
1646 3033 1699 3085 390
1717 3031 1787 3084 nucis
1806 3031 1866 3084 dem
1888 3030 1934 3085 Or.
1954 3071 1960 3082 .

618 3117 711 3172 Vera:
730 3119 773 3186 B,
789 3119 855 3189 Περ.
871 3119 978 3188 Heium,
1005 3119 1058 3174 No.
1080 3125 1142 3189 268,
1171 3120 1222 3175 Fr.
1242 3121 1313 3190 Ina,
1338 3121 1401 3190 111,
1426 3125 1451 3175 3.
1489 3120 1701 3188 Wirdertotaap
1725 3119 1772 3173 des
1797 3119 1934 3189 Prirr'leps
1959 3118 2045 3186 Korrip

666 3207 807 3262 Aibreobts
826 3224 877 3262 ron
897 3211 966 3262 1299
986 3207 1116 3264 Febraar
1135 3213 1176 3264 13.
1211 3211 1286 3281 (Vpl.
1299 3212 1366 3265 uber
1385 3211 1438 3264 No.
1453 3213 1526 3275 736.)

400 3507 491 3586 933.
516 3519 626 3604 Kdru'gr
652 3521 811 3588 Heinrich
835 3521 914 3586 VII.
944 3522 1070 3587 autistiti
1099 3523 1169 3587 (iera
1199 3521 1233 3585 F
1234 3522 1418 3603 rnudsurtrr
1448 3525 1681 3588 Soltrrltircr'ssem
1707 3523 1828 3588 Volucri
1857 3523 1925 3586 ritui
1954 3520 2047 3585 ,tlara

510 3628 688 3707 jdbriirber
710 3627 888 3710 Eirtliiusie
917 3651 976 3694 ron
1006 3631 1075 3694 dem
1098 3630 1276 3694 ltetclseolt
1299 3652 1349 3694 uror
1376 3629 1462 3694 Tbor
1484 3632 1540 3695 der
1563 3630 1690 3694 Brir'rlu
1714 3631 1789 3694 iiber
1811 3631 1872 3694 dore
1895 3629 1989 3694 Malu
2010 3649 2046 3691 ru

516 3733 683 3807 Erbirben,
710 3740 763 3800 ord
784 3737 951 3802 Vorbrlruii
974 3737 1030 3801 tier
1052 3737 1299 3820 Wirdmidsuup.
1346 3737 1540 3819 Fra-alfari,
1566 3743 1653 3802 1310
1676 3738 1748 3802 Jott
1769 3743 1824 3801 2³5.

508 3877 576 3942 Nos
600 3877 775 3944 Heinricus
805 3878 858 3944 dei
887 3878 1002 3962 gracia
1025 3880 1247 3945 Romanorum
1277 3899 1345 3960 rer,
1371 3897 1499 3961 semper
1529 3885 1699 3962 augrrstus.
1746 3881 1799 3944 Ad
1827 3878 2048 3945 universorum

402 3981 556 4049 noticiam
571 3983 720 4051 volumus
735 3984 760 4058 li
774 3985 954 4068 pervenire,
981 3989 1065 4068 quod
1082 3993 1181 4070 grata
1197 3993 1230 4052 et
1245 3985 1364 4068 fidelia,
1383 4005 1444 4068 que
1460 3992 1637 4052 strennuus
1653 3985 1879 4052 virVolradus
1895 3985 2049 4051 scultetus

402 4089 436 4154 in
460 4089 705 4172 Frankenlurd,
729 4092 834 4158 fidelis
850 4091 873 4166 ll
888 4100 1001 4159 noster
1024 4091 1173 4174 dilectus
1199 4092 1293 4159 nobis
1317 4100 1350 4158 et
1372 4091 1509 4175 imperio
1524 4091 1684 4174 impendit
1699 4091 1842 4159 servicia
1858 4099 1892 4158 et
1905 4092 2049 4175 gratiora

402 4195 436 4262 in
460 4195 605 4263 laturum
628 4196 815 4281 impendere
840 4199 970 4280 poterit,
996 4199 1216 4283 diligenlltius
1239 4202 1459 4280 attendentes
1485 4198 1549 4264 sibi
1572 4199 1672 4266 trium
1694 4218 1879 4265 marcarum
1895 4198 2049 4275 redditus.

403 4303 632 4386 percipiendos
663 4305 757 4371 annis
788 4304 925 4390 singulis
955 4306 988 4372 in
1019 4306 1198 4373 nativitate
1228 4308 1325 4373 beate
1349 4306 1454 4372 Marie
1483 4305 1621 4390 virginis
1645 4309 1685 4373 de
1709 4307 1861 4374 theloneo
1884 4313 1996 4372 nostro
2019 4310 2051 4368 et

402 4409 532 4492 imperii
560 4413 647 4494 apud
679 4418 818 4494 portam,
851 4431 912 4494 que
943 4411 1032 4478 ducit
1063 4412 1153 4479 ultra
1183 4419 1314 4495 pontem
1338 4412 1437 4496 Mogi,
1469 4412 1676 4479 concedimus
1705 4413 1813 4496 tytulo
1843 4411 1967 4479 feodali
1997 4430 2052 4493 per·

403 4517 509 4600 ipsum
534 4524 567 4583 et
590 4537 666 4585 snos
689 4519 827 4585 heredes
851 4519 974 4586 tamdiu
1000 4518 1227 4602 percipiendos
1251 4526 1285 4585 et
1309 4523 1476 4600 tenendos,
1502 4539 1669 4602 quousque
1692 4519 1756 4586 sibi
1778 4521 1832 4586 vel
1851 4519 1947 4586 dictis
1962 4519 2053 4584 bere

403 4624 498 4691 dibus
523 4624 590 4691 suis
615 4625 753 4710 triginta
776 4645 885 4693 marce
909 4627 1117 4693 denariorum
1134 4626 1373 4693 Coloniensiom
1397 4647 1456 4709 per
1479 4647 1539 4694 nos
1561 4627 1614 4694 vel
1638 4632 1770 4694 nostros
1794 4645 2003 4693 successores
2022 4624 2053 4689 iu

402 4731 540 4814 imperio
570 4732 778 4817 integraliter
808 4733 1050 4815 persolvantur.
1099 4734 1138 4799 In
1163 4732 1254 4800 cuius
1277 4733 1326 4800 rei
1350 4733 1570 4800 testimonium
1593 4740 1764 4815 presentes
1787 4733 1918 4801 litteras
1942 4738 2053 4798 nostre

404 4837 588 4905 maiestatis
618 4840 725 4923 sigillo
755 4839 907 4907 iussimus
939 4839 1139 4907 communiri.
1187 4841 1309 4906 Datum
1339 4840 1372 4907 in
1403 4839 1648 4923 Frankeniurd,
1666 4843 1705 4906 V.
1727 4840 1887 4908 kalendas
1909 4837 2053 4922 augusti..

405 4964 490 5011 anno
515 4946 636 5012 domini
658 4947 826 5014 millesimo
851 4947 1080 5014 trecentesimo
1105 4946 1239 5030 decimo,
1265 4947 1359 5032 regni
1382 4968 1460 5015 vero
1484 4948 1590 5014 nostri
1613 4968 1698 5014 anno
1723 4953 1875 5015 secundo.

621 5089 667 5144 Or.
680 5090 768 5160 Ppmt.
782 5091 831 5143 nsit
850 5089 1055 5158 subtragendum
1072 5089 1308 5158 Maiestdtssispei.
1348 5089 1386 5144 St.
1401 5091 1434 5144 A.
1450 5090 1501 5145 Fr.
1516 5091 1581 5161 Upb.
1602 5094 1635 5145 Α.
1650 5095 1692 5157 56,
1712 5096 1736 5145 9.

620 5179 781 5248 deor..·13.,
800 5179 1018 5234 seoncurtem
1040 5179 1085 5233 Or.
1107 5220 1112 5231 .

623 5269 716 5323 Vere:
734 5267 778 5336 B,
799 5267 864 5337 ch.
878 5267 986 5336 Heium,
1001 5269 1053 5322 No.
1067 5271 1129 5322 269.

405 5503 497 5578 934.
520 5511 717 5592 Errbt‘sebof
746 5511 836 5574 Peter
867 5531 926 5576 rore
949 5509 1064 5576 Mutius
1097 5513 1280 5596 oerpsttmlet
1309 5513 1378 5576 ciem
1409 5512 1558 5577 Moinrer·
1585 5511 1786 5593 Douniopr'tei
1815 5533 1869 5576 rur
1901 5509 2058 5592 Deciana

523 5623 606 5684 eletas
628 5619 742 5699 sriiber
757 5620 816 5700 fiir
831 5619 890 5682 tien
906 5617 1116 5683 Illiriccruoerb
1131 5620 1187 5684 der
1202 5619 1298 5704 Bury
1314 5619 1532 5685 Bectetalooo
1546 5620 1720 5704 peleasteiert
1733 5619 1949 5685 Vereri-usses
1967 5640 1998 5681 u.
2012 5641 2059 5680 ru:

672 5811 697 5863 a)
711 5807 762 5853 Vou
776 5807 831 5852 lrr'er
845 5809 889 5852 mit
904 5807 1036 5854 darrilerer
1053 5807 1131 5854 Tirrte.
