4400 6384
696 314 766 369 1288
784 313 932 370 December
950 315 981 368 21
1005 346 1037 353 —
1058 314 1127 369 1289
1144 313 1253 369 Jauusr
1270 314 1313 368 21.
1764 314 1829 379 269

177 510 256 577 libet
289 510 436 594 exceptis
467 510 597 593 penitus
625 517 658 576 et
683 510 832 576 exclusis.
880 510 1054 577 Adiectum
1078 512 1265 593 asteriam,
1291 514 1376 593 quod
1399 511 1429 577 si
1451 531 1535 577 nos.
1555 510 1667 577 .iudei
1689 510 1830 594 predicti

177 624 252 699 post
282 618 428 700 elapsum
459 618 616 700 temporis
648 616 812 699 prelibati,
846 617 998 685 videlicet
1029 622 1140 685 decem
1171 638 1339 699 annorum,
1370 637 1469 683 uuam
1498 638 1644 683 marcam
1667 618 1719 683 vel
1742 616 1828 683 forte

177 728 259 791 duas
275 724 492 805 denariorum,
506 727 547 790 de
557 730 703 806 tempore
716 726 758 789 ad
771 730 909 805 tempus
923 724 952 789 si
967 723 1062 790 simul
1074 731 1107 790 et
1120 724 1219 792 semel
1233 724 1325 805 ipsas
1338 744 1529 806 comparare
1541 744 1606 790 non
1618 724 1827 805 valuerimus,

175 830 210 896 in
239 829 311 897 loco
342 829 411 897 sive
442 830 523 896 locis
554 829 653 896 cartis
684 836 719 895 81
747 829 858 911 firmia,
892 836 928 895 ut
958 836 1009 895 est
1040 831 1191 913 superius
1215 837 1411 912 protectum,
1436 829 1735 911 comparaverimus
1759 830 1829 897 sive

177 936 357 1019 emerimus,
388 935 573 1003 huiusmodi
595 934 924 1018 recompensacionem
949 936 1135 1003 reddituum
1162 936 1232 1019 ipse
1257 935 1405 1002 dominns
1428 937 1482 1018 H,
1500 936 1553 1003 vel
1575 936 1629 1001 ille
1653 937 1706 1002 cui
1729 937 1828 1003 dona·

176 1042 263 1109 verit
286 1042 355 1111 sive
377 1041 550 1126 legaverit,
575 1041 701 1108 tenebit
726 1047 766 1108 81
783 1048 895 1108 tenere
915 1045 1014 1109 debet
1029 1050 1138 1109 ratam
1154 1050 1253 1123 atquc
1269 1050 1409 1126 gratam.
1450 1043 1581 1109 Dictam
1598 1042 1701 1109 eciam
1714 1062 1829 1108 recon-

176 1149 405 1230 pensacioncm
421 1148 606 1215 reddituum
621 1148 752 1215 honesti
767 1148 831 1215 viri
848 1200 853 1213 .
872 1201 878 1214 .
897 1151 1040 1215 decanus
1057 1150 1194 1216 ecclesie
1210 1156 1243 1215 et
1261 1202 1268 1213 .
1284 1201 1290 1214 .
1308 1149 1467 1231 plebanus
1480 1150 1828 1229 Frankenvordeuses,

175 1274 302 1321 necnon
321 1308 327 1321 .
346 1308 352 1321 .
371 1256 531 1322 scultetus
553 1254 682 1337 ibidem,
707 1254 764 1337 qui
786 1275 846 1337 pro
871 1262 1016 1337 tempore
1040 1255 1150 1337 luerit,
1176 1255 1205 1321 si
1227 1276 1362 1322 necesse
1386 1256 1458 1338 erit,
1484 1256 1638 1323 estimare
1663 1262 1696 1321 et
1711 1262 1829 1321 taxare

176 1381 217 1428 81
246 1368 386 1443 utraque
415 1370 511 1444 parte
535 1364 710 1443 debebunt,
735 1361 792 1443 ita,
818 1364 903 1443 quod
928 1368 1103 1443 prenotato
1127 1362 1255 1429 domino
1278 1363 1321 1428 H.
1342 1363 1377 1429 in
1399 1362 1696 1445 reconpensatione
1719 1361 1830 1427 huius-

175 1466 263 1533 modi
293 1467 479 1534 reddituum
501 1468 548 1533 nil
570 1468 676 1550 possit
700 1473 758 1534 aut
781 1467 894 1535 valeat
918 1468 1076 1551 deperire.
1125 1468 1159 1534 Si
1183 1476 1292 1535 autam
1315 1476 1515 1535 memoratus
1538 1470 1579 1534 Η.
1601 1466 1690 1534 inira
1713 1471 1830 1534 decen-

175 1573 264 1639 nium
279 1574 486 1656 prelibatum,
501 1574 629 1640 domino
645 1573 680 1639 id
690 1575 830 1655 volente,
844 1576 885 1640 ab
902 1576 965 1640 bac
980 1576 1052 1641 luce
1068 1574 1270 1658 migraverit,
1289 1576 1489 1657 sepedictam
1501 1574 1830 1657 reconpensacioncm

174 1680 361 1746 reddituum
391 1700 450 1747 nos
468 1733 475 1746 .
495 1733 500 1745 .
517 1680 607 1747 iudei
636 1680 855 1763 supranotati,
887 1680 915 1746 si
945 1680 1039 1747 nobis
1069 1681 1241 1763 placuerit,
1271 1679 1384 1747 iacere
1414 1701 1585 1764 possumus
1615 1682 1649 1747 iu
1678 1680 1828 1746 instanti.

175 1786 305 1852 Dantcs
338 1788 400 1853 has
430 1795 563 1853 nostras
597 1785 728 1853 litteras
761 1785 911 1869 sepefato
947 1786 1074 1853 domino
1107 1788 1149 1853 H.
1179 1787 1293 1871 sigillo·
1320 1787 1472 1864 civitatis¹
1499 1785 1829 1855 Frankenvordensis

175 1892 400 1975 communitas,
433 1892 468 1958 in
500 1892 721 1961 testimonium
754 1900 788 1959 81
819 1893 1007 1960 firmitatem
1039 1894 1184 1960 debitam
1217 1894 1456 1976 premissorum.
1513 1894 1559 1960 Et
1593 1913 1653 1960 nos
1679 1947 1684 1957 .
1712 1946 1718 1958 .
1742 1893 1830 1976 Elya

175 1998 337 2065 scultetus
367 2006 401 2065 at
431 1999 558 2067 scabini
588 2001 925 2066 Fraukenvordcnscs
955 2002 997 2066 ad
1028 2006 1180 2083 rogatum
1209 2000 1379 2066 iudeorum
1408 2006 1660 2066 memoratorum
1688 1998 1828 2083 sigillum

174 2103 403 2172 universitatis
426 2104 756 2173 mankenvoruensis
781 2104 989 2188 presentibus
1013 2105 1164 2172 duximus
1187 2110 1424 2189 apponendum.
1462 2108 1582 2173 Actum
1606 2126 1691 2173 anno
1708 2104 1830 2171 domini

175 2210 217 2275 111.
239 2204 281 2277 c’c.
304 2190 538 2293 lxxxviii,
563 2209 649 2311 ler'ia
671 2180 711 2278 Va.
734 2218 810 2294 post
833 2210 955 2309 festum
977 2211 1068 2278 beati
1091 2211 1261 2307 Nycbolai.
1324 2303 1329 2308 ἡ
1390 2214 1395 2221 ’

394 2351 440 2409 Or.
454 2352 543 2423 Ppmt
557 2352 606 2407 mit
625 2353 830 2423 anbdnpendem
848 2316 1012 2423 Stodta'cpel
1021 2356 1072 2422 (2).
1110 2354 1223 2408 Fntbcr
1240 2354 1272 2408 in
1291 2352 1521 2408 Sacbsmbcusm.
1541 2384 1573 2391 —
1595 2352 1752 2417 Grotcfend.

390 2441 490 2497 Getta:
507 2442 553 2510 B,
570 2444 625 2495 240
641 2442 712 2496 nach
730 2441 790 2496 ciem
811 2442 856 2497 Or.
878 2483 883 2495 .

173 2710 266 2785 557.
290 2717 363 2783 Das
385 2717 724 2785 Dctdscbordensbous
740 2668 786 2783 ¹ia
808 2720 1069 2785 Sacbscndousea
1092 2721 1219 2786 vorleiht
1242 2727 1350 2786 818881
1378 2720 1455 2805 (apl.
1478 2722 1554 2786 oben
1575 2720 1649 2786 Ura.
1667 2720 1729 2786 No.
1747 2723 1828 2803 439)

246 2882 249 2889 ,
289 2828 357 2891 scin
372 2825 468 2891 Hauc
487 2824 576 2907 ,Zur
591 2829 699 2891 walton
715 2825 823 2899 Ybitr“
842 2827 1053 2891 8818888818
1070 2827 1461 2909 PersoncninErbpacbt.
1495 2832 1583 2891 1288
1594 2825 1763 2891 December
1774 2833 1828 2892 21.

391 2965 437 3021 Or.
450 2966 538 3037 Ppmt.
553 2966 601 3021 mit
619 2967 669 3021 den
689 2966 797 3038 8188818
815 2967 861 3021 des
879 2968 1184 3034 Bartholomaeusstifto
1201 2968 1260 3022 aad
1277 2969 1324 3023 dcc
1341 2969 1499 3024 Komtltura

494 3054 738 3121 Rdclcoossclnift:
763 3055 866 3123 „Super
894 3056 918 3109 X
947 3055 1045 3111 marcis
1073 3056 1107 3109 de
1135 3056 1213 3111 domo
1240 3058 1315 3112 dicta
1341 3073 1384 3111 zu.
1399 3056 1447 3112 der
1471 3057 1560 3111 niden
1586 3057 1658 3123 dore,
1677 3072 1729 3123 quc
1758 3072 1830 3111 nunc

387 3148 502 3198 vocatur
520 3144 569 3199 das
588 3142 739 3199 schuchbuc
757 3144 876 3199 8181118Ι
915 3145 1017 3211 (Hand
1035 3146 1081 3199 dcc
1100 3150 1143 3199 15.
1156 3146 1380 3213 Jatrtanderu.)

387 3233 427 3287 st.
441 3234 474 3288 A.
489 3233 540 3287 Fr.
554 3234 760 3289 Dectccbordcn
778 3233 842 3289 Urlc.
856 3235 967 3293 Nora

172 3501 266 3577 558.
288 3508 362 3574 Dos
399 3508 738 3575 Deutscloordcnsbaus
771 3533 813 3574 aa
846 3511 1109 3577 Socbsonbcasec
1145 3512 1239 3593 larcft
1268 3516 1358 3576 cinca
1388 3511 1510 3577 Golden
1539 3532 1600 3575 von
1628 3517 1652 3575 2
1681 3511 1828 3595 1181888,

290 3621 429 3701 pertonat
451 3618 508 3682 der
534 3616 741 3702 Botbpartoa,
765 3640 807 3682 88
830 3617 1142 3683 Nicder-Escbbocb.
1191 3623 1288 3683 1288,
1652 3644 1656 3648 ’

375 3758 486 3828 ,Rapaci
506 3758 547 3811 bei
566 3758 771 3828 Ntedcrmaycr,
791 3760 1007 3814 reducendam
1026 3758 1404 3815 Dandaricae-Scottum.

174 4032 267 4109 559.
290 4043 444 4108 Heinrich
473 4066 534 4109 coa
556 4044 785 4129 Spraodlt'opca
815 4046 882 4109 etad
905 4044 1000 4111 Fron
1030 4046 1213 4110 cermocben
1241 4046 1301 4127 fiir
1329 4046 1390 4109 dea
1413 4045 1491 4110 Fau
1519 4047 1604 4110 ihrer
1633 4047 1830 4111 itadcrlosea

292 4148 393 4215 Todes
423 4151 492 4215 clem
519 4150 651 4216 Kloster
673 4151 919 4216 Podcrsbousec
950 4153 1039 4216 ibren
1062 4152 1173 4216 Bestia
1201 4156 1236 4216 ia
1252 4152 1362 4231 Vilbel,
1395 4152 1581 4233 Griesbeim,
1612 4154 1829 4233 Kelstcrbach,

289 4256 559 4337 Soclcsealmasen,
584 4255 768 4340 Fronkfurt
790 4259 858 4322 aad
880 4258 1079 4323 Ncucaboia.
1128 4263 1215 4322 1289
1238 4258 1370 4323 Jonaor
1392 4264 1446 4323 21.

282 4399 350 4464 Nos
379 4386 555 4465 Heinricus
585 4402 625 4465 da
655 4398 913 4483 Sprendelingen
946 4406 979 4465 et
1009 4399 1191 4465 Gerdrudis
1221 4418 1304 4465 uxor
1337 4399 1418 4464 eius.
1465 4400 1593 4466 'lenora
1625 4402 1829 4482 presencium

172 4504 438 4589 recognoscimus
461 4504 669 4587 presentibus
693 4512 727 4571 et
749 4503 870 4571 futuris
888 4504 914 4578 ll
932 4504 1060 4587 publice
1084 4506 1287 4587 profitentes,
1310 4509 1395 4587 quod
1412 4506 1657 4573 communicatis
1679 4509 1829 4575 manibus

173 4620 207 4677 et
232 4612 307 4694 pari
329 4630 490 4678 consensu
514 4613 600 4678 bona
624 4610 693 4680 sive
717 4612 865 4677 redditus
888 4609 1025 4677 inferius
1043 4610 1180 4694 scripta,
1204 4612 1233 4677 si
1248 4611 1319 4678 sine
1335 4612 1445 4693 pueris
1463 4611 1488 4685 ll
1505 4612 1689 4696 moriemur,
1715 4617 1829 4680 damus

173 4728 208 4786 et
230 4719 381 4803 legamus
408 4720 450 4785 ob
474 4718 613 4784 salutem
637 4717 818 4784 animarum
843 4724 1030 4785 nostrarum
1053 4723 1087 4783 81
1112 4718 1252 4784 omnium
1276 4719 1522 4802 progenitorum
1545 4726 1731 4785 nostrorum
1754 4728 1830 4803 post

173 4828 343 4892 amborum
373 4829 522 4891 nostrum
553 4830 689 4891 mortem
721 4824 1064 4891 sanctismonialibus⁸
1082 4821 1107 4897 ll
1124 4824 1158 4889 in
1188 4826 1415 4891 Patenshusen
1445 4825 1516 4891 iure
1546 4825 1765 4908 proprietario
1794 4826 1829 4893 in

173 4939 369 5016 perpetuum
393 4931 599 5015 possidenda.
639 4931 710 4997 Hoc
734 4938 812 4997 sunt
833 4934 938 4997 bona:
962 4930 1118 4999 videlicet
1140 4930 1342 4998 inVelewile
1366 4939 1435 4997 tres
1450 4951 1582 4998 mansos
1598 4952 1670 4998 cum
1686 4932 1827 5015 dimidio,

172 5040 294 5106 ibidem
324 5038 465 5120 quinque
496 5038 605 5105 curias
636 5045 670 5104 et
700 5041 762 5104 duo
793 5037 909 5121 iugera
932 5057 1004 5103 curn
1028 5037 1160 5104 dimidio
1184 5038 1372 5120 vincarum
1403 5039 1481 5105 item
1505 5038 1539 5104 iu
1562 5038 1642 5106 villa
1665 5039 1829 5107 Grishcim

172 5167 231 5213 sex
257 5144 379 5212 cctalia
402 5144 540 5229 siliginis
564 5145 659 5211 annis
684 5144 830 5229 singulis,
856 5152 998 5226 quatuor
1014 5164 1168 5227 anseres;
1193 5151 1244 5211 tot
1260 5145 1366 5226 pullos
1381 5144 1415 5210 in
1431 5145 1659 5227 Kelstcrbach,
1677 5146 1830 5212 tercium-

172 5252 341 5341 dimidium
365 5251 472 5319 octale
496 5251 634 5335 siliginis
659 5256 693 5319 81
709 5254 771 5317 duo
789 5251 910 5318 octalia
926 5270 1047 5332 aveuc;
1072 5250 1106 5317 in
1122 5252 1349 5317 Sassenlrusen
1365 5254 1405 5317 de
1421 5254 1563 5332 quadam
1579 5252 1671 5318 curia
1687 5252 1829 5334 quinque

172 5360 296 5426 solidos
312 5365 427 5449 818181
441 5366 582 5439 quatuor
598 5358 751 5425 denarios
765 5364 798 5424 81
811 5362 892 5425 duos
905 5358 1024 5440 pullos3
1041 5358 1076 5423 in
1084 5355 1312 5424 Frankenlort
1319 5358 1478 5424 Hartmut
1485 5356 1656 5423 Bldmckin
1670 5358 1829 5424 talentum

171 5465 393 5547 denariorum,
424 5465 503 5531 item
526 5464 559 5530 in
582 5464 786 5532 waenbain
811 5468 853 5530 ad
876 5464 1140 5531 Felstenburnen
1163 5484 1261 5530 unum
1285 5463 1379 5546 inger
1403 5471 1437 5529 et
1459 5463 1626 5529 dimidium
1648 5464 1827 5546 vinearum,

172 5573 206 5639 in
237 5592 323 5639 novo
353 5578 463 5638 monte
487 5564 550 5637 duo
574 5571 690 5655 iugera
712 5571 892 5638 vinearum.
939 5572 1010 5637 Hec
1035 5570 1221 5653 prescripta
1243 5572 1340 5651 bona,
1365 5577 1403 5636 ut
1426 5576 1475 5636 est
1500 5570 1632 5651 dictum,
1658 5574 1772 5637 damus
1796 5577 1828 5637 et

441 5764 466 5815 a)
482 5763 530 5806 So!
