4400 6384
961 292 1031 346 1270
1049 290 1172 346 Februar
1190 292 1225 345 23
1244 322 1278 331 -
1298 292 1368 345 1270
1386 292 1451 347 ulai.

593 489 692 543 Gedrs
710 490 800 557 Baur,
820 488 899 543 Hera.
919 488 993 557 Urlr„
1013 489 1038 555 I,
1057 492 1092 542 94
1111 490 1182 543 uode
1199 490 1259 543 dem
1280 489 1326 543 Or.
1341 489 1429 559 Ppmt.
1447 489 1484 542 im
1503 487 1542 544 St.
1554 488 1588 541 A.
1602 488 1775 543 Dormatodt.

598 577 691 633 Vera:
709 576 814 643 Scriba,
836 577 879 644 II,
899 578 952 631 No.
967 581 1027 631 591.

377 782 468 860 295.
492 792 655 858 Jobormcs
680 813 739 856 ¹ooo
762 791 901 871 Rodobc,
919 792 1096 856 Scholaster
1119 814 1163 855 aa
1185 793 1241 856 cler
1263 792 1483 874 Fronkfurter
1501 793 1711 874 Stiftslr'rcbe,
1735 793 1835 875 stiftet
1857 794 1925 857 und
1943 794 2041 857 dorin

493 904 559 963 ciue
576 899 705 963 Viturr'e
728 921 781 963 arro
803 899 947 982 dortr'pen
970 900 1015 963 St.
1033 897 1357 964 Kolborr'nea-Altor.
1404 899 1599 980 Fronlsurt,
1626 906 1712 965 1270
1735 899 1886 966 Februar
1908 906 1962 965 23.

485 1034 525 1097 Iu
549 1032 677 1098 nomine
701 1030 831 1113 domini,
857 1051 960 1097 amen.
1008 1032 1178 1098 (lohannes
1202 1034 1242 1098 de
1266 1033 1403 1098 Rodabe
1427 1032 1624 1099 scolasticus
1647 1032 1784 1099 ecclesie
1807 1035 1848 1099 de
1865 1034 2041 1099 Frauken·

377 1138 454 1220 fort,
477 1138 625 1205 noterius
642 1138 814 1205 reverendi
830 1138 1131 1204 domiuiWernheri
1146 1138 1385 1221 archiepiscopi
1397 1139 1593 1223 Maguntinr'.
1613 1138 1635 1212 ll
1651 1140 1730 1206 Cum
1747 1142 1885 1205 mundus
1897 1158 2038 1229 presens

378 1246 422 1313 sit
451 1246 560 1312 labilis
591 1252 624 1312 et
655 1245 758 1311 omnis
788 1246 894 1329 gloria
924 1245 994 1311 eius
1024 1265 1113 1311 vana
1141 1252 1175 1310 et
1199 1245 1316 1325 omnia,
1341 1266 1403 1326 que
1428 1253 1505 1310 sunt
1528 1245 1562 1311 iu
1585 1246 1667 1327 ipso,
1693 1246 1760 1312 siut
1783 1246 1942 1322 morbida,
1969 1265 2041 1311 cor-

377 1352 547 1435 ruptibilia
570 1360 604 1419 et
629 1360 695 1418 tam
720 1352 880 1433 solubilia,
906 1357 992 1433 quod
1015 1372 1079 1418 uon
1104 1355 1235 1433 durant,
1262 1356 1301 1418 de
1325 1351 1467 1433 rellquie
1491 1358 1616 1433 eterna,
1641 1353 1749 1419 salute
1770 1359 1943 1435 perpetua,
1968 1352 2042 1419 vita

378 1458 621 1541 incorruptibili
656 1467 690 1524 et
722 1458 835 1525 stabili
866 1459 1034 1525 mansione
1068 1458 1200 1540 expedit
1233 1458 1390 1541 cogitare.
1445 1460 1526 1524 Inde
1559 1467 1620 1541 est,
1654 1462 1741 1541 quod
1773 1479 1834 1543 ego
1866 1460 2041 1525 lohannes

379 1565 517 1632 clericus
547 1566 677 1632 humilis
706 1586 821 1633 servus
852 1566 904 1631 dei
935 1564 1214 1648 recognosllcens
1240 1568 1325 1646 quod
1356 1565 1505 1631 dominus
1534 1568 1615 1632 deus
1646 1565 1744 1632 michi
1767 1585 1828 1632 sua
1849 1565 2041 1649 largIssima

378 1671 503 1753 pietate
527 1672 560 1738 iu
584 1674 682 1739 rebus
706 1680 739 1738 et
762 1673 941 1738 honoribus
964 1672 997 1737 in
1017 1673 1078 1737 hoc
1096 1671 1204 1737 seculo
1221 1671 1268 1737 sic
1286 1672 1440 1753 providit,
1465 1675 1549 1753 quod
1567 1672 1639 1753 sibi,
1665 1675 1706 1738 ad
1724 1693 1806 1753 quas
1822 1692 1887 1738 non
1903 1672 2040 1751 sufficio,

378 1778 565 1861 graciarum
589 1786 703 1845 teneor
727 1781 884 1861 actiones
910 1783 952 1845 ad
977 1780 1172 1861 placandum
1196 1798 1268 1844 eum
1292 1785 1326 1844 et
1350 1781 1390 1844 ad
1415 1778 1627 1845 obtinendum
1646 1778 1918 1861 propiciationem
1934 1778 2041 1861 ipsius

379 1885 510 1953 decrevi
534 1889 576 1951 ad
600 1906 693 1953 suurn
716 1888 870 1952 honorem
895 1891 928 1951 et
952 1888 991 1950 ob
1016 1885 1240 1951 reverenciam
1264 1887 1360 1951 beate
1384 1885 1523 1969 virginis
1539 1885 1708 1968 Katerine,
1734 1905 1796 1967 que
1820 1885 1888 1951 suis
1904 1885 2042 1968 exigen-

378 1991 466 2057 tibus
489 1992 616 2058 men'tis
640 2000 691 2059 est
715 1995 802 2075 apud
826 1993 989 2058 dominum
1014 1998 1192 2074 prepotens
1212 2012 1271 2075 pro
1288 1992 1518 2075 peccatoribus
1533 1992 1743 2072 intercessor,
1769 1992 1802 2057 iu
1818 1991 1920 2058 altari
1935 1992 2041 2075 ipsius

379 2100 476 2165 beate
500 2098 638 2183 virginis
658 2106 851 2182 perpetuam
866 2097 977 2165 lacere
994 2098 1152 2166 vicariam
1169 2103 1345 2165 accedente
1364 2118 1524 2164 consensu
1541 2098 1742 2165 dominorum
1758 2098 1894 2164 Henrici
1912 2099 2040 2177 decani

379 2204 536 2271 Cristieni
559 2206 714 2287 cantoris
740 2214 773 2272 et
797 2214 875 2271 tunc
900 2205 1040 2288 plebani,
1066 2209 1196 2287 quando
1221 2209 1334 2271 eadem
1358 2205 1485 2271 vicarIa
1507 2202 1572 2270 luit
1596 2204 1749 2286 primitus
1771 2205 1991 2285 iustaurata,¹
2008 2214 2041 2270 et.

379 2310 499 2377 domini
521 2312 663 2394 Epperti
693 2333 779 2378 nunc
811 2312 944 2395 plebani
974 2333 1012 2379 ao
1041 2312 1178 2394 capituli
1202 2311 1337 2378 ecclesie
1362 2316 1402 2378 de
1425 2309 1662 2392 Frankeniort,
1686 2311 1721 2377 iu
1745 2331 1810 2392 qua
1833 2311 1942 2377 altare
1966 2332 2041 2393 pre-

379 2416 502 2483 dictum
536 2427 587 2484 est
622 2420 729 2485 situm.
789 2420 841 2483 Ad
877 2438 974 2499 quam
1009 2418 1167 2485 vicariam
1203 2418 1327 2500 prefati
1359 2472 1364 2483 .
1399 2472 1404 2483 .
1437 2420 1580 2484 decanus
1615 2426 1650 2483 et
1685 2418 1866 2501 capitulum
1900 2419 2040 2485 ecclesie

379 2524 711 2607 Frankenlordensis
737 2532 770 2591 et
800 2526 907 2591 nullus
938 2524 1031 2606 alius,
1057 2529 1220 2609 ydoneum
1243 2525 1275 2590 in
1301 2545 1393 2591 suam
1417 2525 1558 2591 animam
1582 2524 1706 2608 eligant
1731 2526 1948 2606 sacerdotem,
1974 2527 2038 2607 qui,

380 2638 502 2711 quanto
534 2631 633 2697 cicius
664 2641 739 2715 post
769 2631 950 2697 matutinas
981 2651 1016 2697 se
1047 2632 1169 2713 poterit
1200 2652 1391 2714 preparare,
1416 2631 1450 2697 in
1480 2631 1581 2697 altari
1611 2634 1723 2698 eodem
1747 2630 1883 2698 cottidie
1906 2632 2039 2698 missam

379 2737 469 2802 dicat
493 2757 565 2803 cum
588 2757 654 2805 una
678 2739 816 2804 collecta
840 2741 879 2803 de
902 2741 1002 2804 beata
1018 2738 1146 2821 virgine
1163 2738 1334 2820 Katerina,
1359 2739 1417 2819 ita,
1443 2741 1528 2819 quod
1545 2738 1752 2819 permissam
1769 2758 1862 2804 suam
1878 2739 2040 2820 plebanos

380 2863 444 2911 nou
468 2844 591 2910 sentiat
613 2844 876 2927 impedimentum
901 2844 1032 2926 aliquod
1056 2845 1154 2910 misse
1179 2865 1246 2925 sue,
1271 2845 1373 2911 salvis
1397 2845 1624 2912 nichilominus
1649 2865 1708 2927 per
1728 2846 1838 2912 omnia
1853 2846 2040 2929 sollempni-

380 2954 486 3015 tatum
510 2950 636 3017 iuribus
661 2951 797 3017 ecclesie
822 2972 860 3017 ao
885 2952 1033 3034 plebano.
1075 2951 1251 3034 Obligatus
1275 2951 1374 3018 etiam
1398 2952 1462 3017 erit
1480 2952 1565 3018 idem
1581 2955 1736 3017 sacerdos
1753 2955 1794 3018 ad
1812 2972 1925 3018 omnes
1939 2954 2038 3019 horas

380 3064 414 3121 et
446 3056 614 3137 quodlibet
644 3058 832 3139 obsequium
864 3058 1009 3123 divinum
1040 3058 1073 3123 iu
1105 3059 1203 3124 choro
1235 3065 1268 3123 et
1298 3058 1429 3124 obediet
1453 3062 1577 3125 decano
1600 3059 1634 3124 iu
1658 3060 1807 3125 omuibus
1831 3059 1919 3126 sicut
1942 3060 2037 3127 alter.

379 3163 570 3230 Memoriam
594 3172 703 3231 autem
728 3173 805 3249 aget
829 3165 900 3245 mei,
926 3165 1041 3247 patris,
1067 3166 1184 3231 matris
1208 3174 1241 3231 et
1265 3166 1406 3232 omniurn
1430 3174 1603 3248 parentum
1617 3186 1771 3249 meorum,
1797 3166 1921 3232 domini
1936 3167 2039 3234 Ulrici

380 3271 419 3335 de
444 3270 676 3338 Mincenberch
708 3278 741 3337 et
771 3271 910 3338 omniurn
939 3270 1187 3337 benefactorum
1210 3292 1354 3339 meorum
1378 3280 1412 3339 et
1435 3272 1575 3339 omnium
1598 3273 1737 3355 illorum,
1762 3273 1819 3355 qui
1841 3274 1941 3340 michi
1964 3283 2038 3341 suut

380 3376 542 3443 commissi
572 3384 605 3443 et
632 3398 691 3460 pro
722 3378 839 3459 quibus
871 3398 1008 3445 exorare
1040 3381 1141 3445 debeo
1173 3387 1206 3444 et
1236 3379 1333 3445 debui
1361 3379 1395 3445 iu
1419 3381 1481 3445 bac
1505 3379 1584 3445 vita.
1633 3380 1697 3464 Qia
1718 3379 1831 3463 igitur,
1856 3380 1914 3461 qui
1937 3381 2037 3447 servit

380 3483 488 3564 altari,
515 3486 612 3549 debet
635 3484 734 3550 etiarn
759 3484 870 3551 vivere
894 3487 934 3551 de
952 3484 1060 3566 altari,
1087 3506 1163 3551 ecce
1180 3489 1222 3551 ad
1239 3486 1516 3552 sustentationem
1533 3486 1715 3553 sacerdotis
1731 3486 1917 3554 huiusmodi
1932 3491 2036 3558 trado.

378 3590 452 3673 lego
477 3598 510 3655 et
535 3588 667 3656 confero
691 3592 778 3657 bona
801 3611 873 3657 meu
897 3594 982 3673 apud
1001 3591 1203 3675 Arheiligen,
1228 3613 1289 3675 que
1307 3596 1393 3675 apud
1410 3594 1586 3675 Adducam,
1611 3594 1832 3659 Hartmudum
1847 3595 2037 3661 Grasoluseu

380 3702 413 3762 et
436 3695 653 3777 Eluaconem,l
681 3696 809 3779 milites
842 3697 927 3763 iusto
959 3698 1132 3779 emptionis
1163 3699 1259 3765 titulo
1290 3699 1352 3765 emi
1376 3700 1505 3765 ibidem.
1553 3702 1639 3765 Item
1662 3703 1748 3782 apud
1773 3700 2035 3768 Bischovesheiu

379 3802 494 3870 vineas
523 3805 691 3884 quasdam,
718 3823 780 3884 que
805 3807 997 3885 quaudoque
1021 3802 1157 3871 luerunt
1181 3806 1325 3871 (tunradi
1349 3807 1618 3873 Medenmeclrere
1642 3806 1724 3873 civis
1747 3809 1788 3873 de
1811 3806 2037 3875 Fraukenfort

380 3916 414 3975 et
444 3909 589 3975 Cunredi
619 3910 839 3992 Campanarii.
893 3911 975 3976 Item
1010 3914 1096 3993 apud
1128 3911 1355 3978 Fraukenlort
1388 3916 1546 3994 quosdam
1579 3933 1706 3994 census,
1741 3934 1822 3995 quos
1855 3913 1921 3979 emi
1954 3917 2034 3997 apud

380 4016 590 4082 Ludewlcum
616 4017 818 4098 Carnificem,
844 4016 899 4097 qui
930 4020 1051 4084 dautur
1082 4021 1121 4083 de
1152 4018 1346 4099 quibusdam
1370 4020 1517 4085 domibus
1541 4028 1575 4086 et
1598 4020 1753 4087 macellis.
1800 4021 1886 4086 Item
1910 4024 2034 4087 domun

381 4122 479 4188 sitam
507 4123 603 4188 iuxta
634 4126 762 4189 domum
793 4126 955 4204 quondam
986 4126 1019 4190 (l.
1043 4126 1262 4208 Campanarii.
1316 4127 1400 4192 Item
1431 4130 1588 4207 quosdam
1620 4147 1736 4193 census
1766 4126 1927 4209 minutos,
1960 4146 2035 4209 quos

381 4229 562 4311 conscripsi
595 4230 629 4295 ln
664 4230 856 4296 kalendario
892 4230 1101 4297 dominorum.
1158 4234 1310 4298 Ceterum
1345 4253 1470 4299 omnem
1506 4241 1667 4315 ornatum,
1703 4254 1798 4315 quem
1831 4234 1866 4299 iu
1899 4234 2035 4301 ecclesia

380 4335 686 4403 Frankeufordensi
712 4338 816 4403 habeo
841 4346 1055 4420 reservatum,
1080 4338 1145 4421 ipsi
1168 4339 1305 4405 ecclesie
1330 4339 1462 4406 conlero
1486 4340 1748 4407 irrevocabiliter
1771 4348 1909 4422 propter
1933 4343 2032 4407 deum.

381 4444 427 4509 Ut
457 4450 567 4509 autem
597 4444 705 4510 omnia
730 4445 923 4527 supradicta
952 4446 1089 4511 firmiter
1119 4448 1345 4527 observentur,
1371 4453 1555 4527 presentem
1585 4448 1732 4513 cedulam
1755 4446 1830 4513 inde
1853 4446 2033 4514 confectam

379 4548 456 4631 mei,
489 4550 690 4617 dominorum
720 4552 761 4617 H.
787 4551 917 4632 decani,
950 4554 983 4617 C.
1009 4552 1165 4633 cantoris,
1197 4553 1236 4617 Ε.
1263 4552 1395 4635 plebani
1424 4560 1458 4619 et
1488 4554 1625 4635 capituli
1654 4574 1693 4620 ac
1722 4553 1844 4620 domini
1866 4552 2034 4621 Wolirami

380 4656 512 4722 sculteti
547 4660 587 4723 de
628 4657 855 4725 Frankeniort
890 4658 1069 4741 sigillorum
1105 4658 1280 4725 munimine
1311 4660 1510 4726 confirmavi.
1569 4663 1689 4727 Actum
1729 4668 1763 4727 et
1802 4664 1916 4727 datum
1951 4662 2031 4741 apud

380 4762 617 4845 Frankenlort‚
643 4786 728 4831 enno
752 4764 874 4830 domini
897 4785 937 4830 nr.
960 4786 1006 4830 cc.
1027 4766 1132 4846 lxx..
1150 4768 1225 4832 vll.
1248 4765 1404 4832 kalendas
1427 4767 1551 4833 marcii.

596 4898 641 4953 Or.
656 4898 743 4969 Ppmt.
782 4900 871 4954 Dies
891 4916 928 4953 aa
953 4900 1048 4953 rothen
1067 4899 1208 4953 Scbnrlrcrr
1233 4900 1431 4967 aaltdnpcnden
1449 4900 1618 4969 coeperam}
1636 4899 1927 4955 ultramuraneum
1944 4900 2033 4964 stirs·

645 4988 739 5057 siepels
757 4990 907 5043 sdnrmtlicb
926 4989 994 5043 wohl
1013 4990 1141 5043 erbolten.

592 5076 630 5130 St.
646 5078 680 5130 A.
699 5078 747 5131 Fr.
764 5079 862 5131 Barth.
876 5078 915 5132 st.
930 5078 982 5131 No.
998 5081 1075 5131 1114.

594 5166 693 5220 Getta:
708 5167 887 5235 Wr'trdtwct'r,
913 5168 993 5220 Dioc.
1007 5168 1091 5236 Moy„
1111 5166 1155 5233 II,
1174 5172 1227 5221 674
1245 5184 1280 5220 ru
1300 5171 1372 5222 1277
1389 5168 1471 5221 Mdrr
1491 5172 1514 5222 1.
1552 5169 1597 5236 B„
1617 5172 1668 5222 154
1686 5186 1722 5222 zu
1741 5168 1823 5223 Febr.
1838 5174 1873 5225 13
1891 5169 1960 5223 norb
1975 5167 2031 5220 dem

648 5255 703 5323 Or,
731 5256 848 5324 Beiram,
868 5256 893 5323 1,
913 5258 1114 5327 3321139117
1133 5257 1215 5311 Febr.
1229 5260 1254 5310 3.

598 5344 689 5398 Vere:
707 5344 813 5412 Scriba,
833 5346 857 5412 I,
884 5346 937 5398 No.
957 5349 1009 5399 516
1027 5363 1062 5399 ru
1081 5346 1164 5400 Febr.
1179 5350 1221 5413 13,
1247 5345 1318 5413 IV',
1345 5348 1537 5401 1252655211
1556 5347 1639 5402 Febr.
1654 5352 1696 5415 12,
1715 5348 1741 5416 I,
1768 5348 1889 5404 Nosse
1912 5364 1947 5403 stt
1966 5348 2036 5401 1277

645 5434 729 5487 Mdrr
748 5439 771 5487 1.
809 5434 945 5488 Erwdlnrt
965 5435 1074 5500 Mulier,
1095 5435 1284 5501 Barth-stim
1305 5440 1339 5489 17
1356 5452 1391 5489 ru
1412 5440 1489 5489 1277.

646 5601 671 5633 ι»
686 5591 836 5634 ldulcouern?

434 5734 442 5765 ¹
462 5734 519 5804 Vql.
534 5736 600 5789 oben
619 5734 739 5790 Νο.253
757 5738 894 5791 14115272.
