4400 6384
734 333 801 388 1245
820 332 944 388 Februar
963 363 994 372 -
1015 333 1085 387 1245
1104 334 1215 402 August
1232 332 1258 387 3.
1778 335 1822 399 69

31 523 36 527 ’
166 534 271 619 quill)
293 534 392 617 vulgo
423 531 542 599 dicitur
571 533 729 614 Sluctere,
761 531 867 598 minus
897 530 983 598 iuste
1013 530 1142 598 dedisse
1173 538 1206 597 et
1235 531 1309 597 ideo
1340 551 1361 597 a
1390 530 1518 598 domino
1549 529 1697 613 Rirperto
1727 532 1822 597 burc-

166 641 307 725 gravio·
322 644 362 707 de
378 639 562 724 Frideberg
586 645 619 706 et
634 638 811 706 Eberwino
835 639 976 705 sculteto
1001 645 1210 706 antecessore
1233 657 1304 704 meo
1328 640 1368 704 de
1384 639 1619 706 Frankenvort
1643 638 1821 720 absolutos

166 754 202 814 et
219 767 274 814 eos
290 747 499 830 absolvimus,
524 746 734 813 exactoribus
750 744 896 826 predicte
913 764 1041 812 annone
1057 753 1249 827 perpetuum
1264 744 1430 811 silentium
1444 744 1659 827 imponentes.
1699 746 1823 812 Datum

166 874 255 921 anno
279 854 400 921 domini
417 834 461 921 ti.
487 833 548 920 (ἲοῦ.
575 833 731 936 miii,
756 852 789 920 in
814 851 900 920 {esto
924 852 1075 937 Remigii.

383 995 422 1051 St.
436 996 470 1050 A.
489 994 660 1050 chsbcden.
701 993 774 1049 Oeol.
789 995 878 1063 Meo,
897 996 941 1064 ΙΙ,
959 995 1007 1061 sol.
1024 993 1137 1049 XLIII
1142 1013 1160 1049 a
1180 996 1273 1061 (ada).

381 1084 500 1139 Danaes
516 1084 608 1155 peda:
625 1084 797 1138 Eterbaeber
820 1083 910 1150 Ureu,
930 1084 973 1153 ΙΙ,
992 1087 1053 1152 415,
1073 1084 1118 1154 B.,
1140 1087 1172 1137 74
1190 1085 1259 1139 abac
1277 1084 1499 1154 Quedenanqabe.

166 1335 259 1412 137.
283 1343 351 1410 Der
374 1345 566 1410 Saeculares
589 1343 751 1423 Eberrce'o,
782 1345 832 1408 (lie
854 1345 1001 1426 Sobllffen
1023 1345 1090 1408 renel
1113 1345 1243 1429 Bie'rper
1272 1367 1314 1409 erc
1337 1345 1522 1427 Fronlrfurt
1545 1346 1713 1426 belesmiae,
1745 1349 1822 1412 cluss

283 1443 338 1508 der
361 1442 579 1524 Frcnkforler
602 1442 733 1527 Bilrper
755 1443 909 1508 Bertbolel
932 1443 1046 1508 Breslo
1070 1465 1114 1508 oo
1136 1448 1243 1509 selben
1264 1444 1447 1528 Maturare
1462 1444 1617 1509 Heinrich
1632 1443 1823 1511 Koobloucb

283 1553 366 1615 seiae
392 1550 492 1615 (litter
514 1553 548 1614 in
571 1550 780 1614 Boelreoleee‘m
803 1550 950 1632 verdoun
972 1551 1059 1616 liobe.
1108 1555 1195 1616 1245
1217 1551 1376 1616 Febrcur.

274 1689 531 1778 Enbepwinps,
548 1691 718 1772 scultetus,
743 1691 870 1758 scabini
886 1698 920 1759 et
935 1691 1081 1760 universi
1097 1693 1186 1761 cives
1202 1695 1242 1758 de
1258 1692 1495 1762 Frankinvort.
1528 1694 1581 1759 Ad
1596 1692 1822 1761 universorum

123 1807 126 1812 '
165 1798 323 1866 noticiam
334 1797 358 1872 11
373 1795 535 1884 volu[mus
550 1796 745 1885 pervenilre
759 1818 819 1866 nos
831 1799 961 1880 publice
973 1798 1123 1880 profiteri
1132 1819 1172 1866 ac
1185 1800 1374 1882 protestari,
1388 1803 1474 1882 quod
1485 1801 1692 1868 Bechdoldus
1703 1803 1822 1870 Bresto

166 1905 312 1973 concivis
327 1904 350 1980 ll
367 1911 481 1972 noster
505 1903 677 1992 [unaulimi
700 1924 860 1972 consensu
884 1911 918 1972 et
941 1905 1181 1974 communicata
1211 1926 1309 1974 manu
1338 1907 1453 1974 uxoris
1484 1927 1552 1991 sue,
1584 1927 1760 1990 puerorum
1789 1916 1823 1977 et

166 2031 362 2096 generorum
377 2010 401 2086 ll
418 2030 551 2078 suorum
565 2010 713 2080 vendidit
729 2013 815 2078 bone
831 2031 893 2078 sua
908 2011 974 2078 sita
988 2012 1023 2078 in
1038 2011 1235 2080 Bukinheim
1250 2013 1406 2081 Heinrico
1421 2014 1508 2082 Ailio
1525 2014 1591 2082 civi
1607 2015 1642 2082 in
1657 2015 1823 2083 Frankin-

165 2126 245 2188 vort
260 2126 295 2186 et
310 2119 377 2185 siris
389 2118 563 2186 heredibus
576 2125 722 2202 tempore
735 2119 932 2204 sempiterno
946 2119 1049 2186 libere
1061 2119 1269 2202 possidenda.
1306 2121 1423 2188 Testes
1436 2122 1716 2189 suntz'Johannes
1729 2124 1823 2191 Golt-

166 2226 265 2308 stein,
297 2223 466 2292 Walterus
499 2228 539 2291 de
571 2225 761 2309 Mersevelt,
795 2226 965 2294 Conradus
998 2229 1037 2292 de
1071 2225 1263 2310 Cisinheim
1296 2227 1512 2294 Baldemarus
1544 2231 1585 2295 de
1616 2229 1821 2312 Prouehove

165 2333 340 2417 Wicgerns
355 2325 358 2330 ’
373 2330 439 2418 d[e]
474 2330 656 2414 Oviubach,
689 2331 894 2398 Hartmudus
927 2335 967 2398 de
999 2331 1109 2414 Niobe,
1149 2332 1356 2400 Becbdoldus
1388 2338 1428 2401 de
1459 2335 1705 2420 Heildebergin,
1739 2338 1823 2403 Con·

166 2442 269 2507 radus
291 2437 374 2525 Blel.
402 2491 408 2504 .
435 2490 441 2504 .
470 2436 501 2524 .]‚
527 2439 697 2506 Conradus
721 2441 761 2505 de
784 2437 964 2520 Wllinstat,
991 2440 1161 2507 Conradus
1179 2439 1459 2525 Blassinbergere‚
1484 2442 1633 2509 Siliridus
1656 2445 1697 2510 de
1712 2443 1823 2512 Cisin-

165 2545 262 2628 heim,
299 2543 524 2632 Con-[radusl
558 2543 612 2632 de]
647 2543 828 2627 Ovinbach‚
864 2545 1018 2628 Eppratb
1052 2548 1092 2612 de
1126 2547 1312 2630 Peterwila‚
1347 2548 1523 2615 Heinricus
1555 2552 1595 2616 de
1629 2548 1820 2633 Holzhusin,

165 2653 314 2720 Jacobus
337 2651 423 2718 lilius
447 2649 458 2738 [
462 2702 602 2718 .....
606 2649 627 2738 ],
652 2649 777 2719 Rudolf
800 2651 907 2718 dictus
930 2650 1096 2734 Meirtbin‚
1123 2655 1292 2720 Corradus
1316 2654 1423 2720 dictus
1436 2656 1562 2736 Cumer,
1588 2661 1622 2722 et
1645 2655 1702 2724 alii
1725 2677 1822 2738 quam

167 2761 279 2842 plures
308 2757 373 2826 viri
402 2755 570 2845 [honesti?
600 2765 633 2824 et
663 2755 821 2844 di]screti.
868 2759 915 2825 Ut
946 2765 1055 2825 autem
1085 2760 1146 2826 hec
1176 2767 1245 2826 tam
1274 2760 1518 2828 rationabiliter
1550 2769 1627 2830 acta
1657 2764 1823 2846 perhenne

165 2867 269 2932 robur
292 2865 464 2932 obtineant
493 2870 528 2931 et
558 2862 648 2951 [rata
671 2863 742 2952 per]
767 2871 930 2947 maneant,
969 2872 1154 2947 presentem
1178 2866 1333 2950 paginam
1358 2867 1521 2935 conscribi
1550 2875 1584 2935 et
1613 2867 1676 2936 hiis
1707 2868 1823 2954 sigillis

166 2969 305 3038 fecimus
327 2970 487 3056 insigniri.
535 2969 666 3058 [Actum
691 2969 790 3058 an]no
814 2970 935 3038 domini
952 2951 996 3037 il.
1023 2951 1083 3039 CC.
1113 2953 1228 3056 XLV,
1252 2973 1287 3040 in
1309 2992 1419 3040 mense
1442 2972 1611 3041 februarii.

383 3111 430 3168 Or.
444 3113 531 3183 Ppmt.
559 3113 736 3182 Aeoltdnpend
754 3115 783 3178 1)
797 3112 884 3184 Siepel
902 3113 948 3168 dea
966 3112 1165 3168 Sebultbeisem
1181 3114 1337 3169 Eiberwia.
1373 3117 1404 3182 2)
1417 3114 1589 3186 διαᾱιείιροῑ,
1602 3117 1644 3182 (1)
1658 3116 1821 3187 beacbdda'qt.

434 3204 464 3268 3)
477 3201 640 3273 studetepet
658 3219 710 3257 oon
727 3201 857 3257 Welrlor.

380 3291 446 3357 Auf
459 3292 508 3346 der
526 3291 684 3347 Rilcltaeite:
712 3291 847 3362 ‚Donatio
866 3289 988 3346 Heinrici
1007 3289 1186 3346 Klobelalioh.
1223 3289 1300 3346 Cella
1318 3290 1436 3346 urana‘
1472 3295 1527 3359 (13.
1546 3293 1643 3348 Jobrle
1662 3298 1688 3349 2.
1701 3293 1822 3359 Hdlste).

434 3379 490 3435 Die
512 3380 641 3434 Urbaude
666 3381 702 3435 lat
727 3398 772 3435 am
791 3380 891 3435 Randc
915 3380 987 3436 tinto
1005 3381 1161 3451 abyertbcen
1185 3381 1244 3435 aad
1268 3381 1355 3435 derel
1379 3381 1424 3436 ein
1441 3381 1561 3437 acturae
1578 3382 1654 3437 Locb
1677 3383 1755 3438 starlt
1780 3383 1822 3435 be·

433 3469 565 3539 aeleddlpt.
603 3467 642 3523 St.
655 3469 690 3524 A.
705 3469 756 3524 Fr.
777 3468 1022 3537 Famllienaacbea,
1041 3469 1213 3524 Kaoblaaclu.

383 3558 481 3614 (ledae
499 3558 617 3627 Reimer,
636 3558 690 3625 IV,
709 3561 770 3615 807.

164 3810 259 3888 138.
282 3817 351 3884 Der
373 3820 566 3885 Sebeeltber'ss
589 3818 766 3898 Eberwia‚²
789 3820 840 3884 die
862 3820 1008 3902 Sebdffen
1030 3821 1096 3885 aad
1119 3821 1250 3905 Biirper
1272 3824 1307 3885 e'o
1321 3821 1507 3903 Fraolefurt
1530 3822 1739 3902 bellelandam,
1764 3827 1822 3887 wie

281 3927 414 3992 Josaeo
430 3927 594 3993 Goldstein
618 3928 730 3993 eidle'eb
753 3933 934 4011 orospesopt
958 3928 1036 3992 dass
1051 3929 1112 3992 dos
1127 3927 1260 3993 Klorter
1275 3928 1448 4012 Arosburp
1463 3932 1499 3994 e'a
1513 3933 1615 3994 seiner
1634 3929 1823 4014 Geqemcart

282 4035 352 4100 dero
374 4033 589 4118 Buryyrafea
611 4032 734 4116 Rupere
755 4055 816 4098 coa
838 4032 1014 4118 Feledbery
1039 4038 1157 4119 olereig
1180 4034 1280 4098 Morio
1302 4035 1426 4118 peeoblt
1447 4036 1536 4116 habe,
1563 4058 1618 4099 ero
1640 4037 1740 4100 demit
1761 4037 1823 4101 dea

283 4139 428 4218 Zebetm,
453 4140 588 4204 welcben
609 4140 669 4204 das
693 4137 825 4205 Klosler
847 4161 907 4204 ooo
934 4139 1043 4205 Ulriole
1058 4139 1223 4223 Carnifex,
1248 4142 1315 4205 eracl
1337 4141 1388 4206 dte
1413 4141 1522 4222 Geta,
1546 4142 1658 4208 welche
1680 4142 1822 4208 desselbe

281 4267 342 4311 oon
366 4246 497 4313 Wetaelo
520 4267 580 4311 ooo
603 4246 784 4330 Pbeeroberp
807 4247 945 4312 erboltea
968 4248 1059 4326 balle,
1084 4248 1282 4313 cerseuldsea.
1322 4247 1515 4330 Frontis-rt,
1540 4253 1627 4314 1245
1644 4248 1774 4333 August
1788 4254 1820 4312 3.

272 4385 470 4454 Evervvinus
494 4386 686 4470 scabinatus,
718 4387 845 4454 scabini
868 4394 901 4455 et
931 4390 1113 4473 burgenses
1142 4389 1176 4456 in
1200 4390 1443 4456 Frankenvort.
1492 4391 1652 4457 Constare
1681 4387 1822 4457 iacimus

163 4493 291 4562 Christi
319 4493 469 4561 fidelibus
499 4491 701 4578 univerllsis,
738 4497 824 4576 quod
854 4493 1002 4562 dominus
1032 4497 1203 4562 lohannes
1233 4496 1399 4563 Coltstein
1429 4495 1574 4565 concivis
1603 4505 1717 4563 noster
1746 4516 1821 4579 pro-

162 4608 311 4668 testatus
334 4608 386 4667 est
409 4603 469 4668 sub
491 4600 675 4668 iuramento
690 4601 913 4684 sollempniter
936 4622 1047 4669 coram
1062 4603 1157 4670 nobis
1180 4609 1216 4670 et
1229 4603 1386 4686 rellcepit
1399 4603 1434 4669 in
1450 4603 1591 4670 animam
1607 4623 1709 4687 snam,
1734 4607 1820 4686 quod

163 4708 271 4775 abbas
294 4714 329 4774 et
352 4713 533 4776 conventus
548 4706 583 4772 in
598 4709 793 4793 Arnesburg
808 4708 1046 4793 Cysterciensis
1070 4709 1194 4777 ordinis
1210 4713 1371 4778 dederunt
1387 4710 1450 4776 XL
1465 4730 1595 4777 marcas
1611 4709 1820 4777 Colonienses

163 4813 295 4882 domino
310 4812 334 4888 ll
352 4814 501 4898 Ruperto
531 4818 694 4895 quondam
723 4815 922 4900 burcgravio
951 4815 987 4882 in
1008 4819 1223 4902 Fredenberg
1252 4837 1311 4902 pro
1342 4837 1391 4900 eo,
1423 4820 1508 4899 quod
1539 4816 1743 4902 deobligaret
1773 4817 1820 4884 eis

163 4920 324 4988 decimam
355 4921 454 5004 illam,
488 4940 585 5004 quam
611 4920 744 4989 Uiricus
776 4922 883 4989 dictus
911 4922 1067 4991 Carnifex
1099 4928 1261 5007 quondam
1295 4922 1440 4991 concivis
1472 4930 1585 4991 noster
1617 4923 1690 5008 pari
1721 4943 1819 4992 manu

163 5026 342 5097 Gertrudis
364 5028 477 5095 moris
501 5047 558 5094 sue
582 5029 688 5094 adhuc
711 5027 827 5097 vivens
863 5036 897 5096 et
926 5031 1009 5097 bene
1040 5051 1141 5098 sanus
1171 5031 1310 5098 contulit
1339 5030 1539 5098 monasterio
1569 5031 1604 5097 in
1626 5033 1821 5114 Arnesburg

161 5134 199 5201 in
223 5153 339 5216 puram
362 5133 569 5201 elemosinam
592 5143 728 5218 propter
751 5137 856 5218 deum,
881 5143 915 5203 et
937 5136 1072 5221 insuper
1095 5137 1300 5222 deobligaret
1322 5137 1376 5204 eis'
1393 5139 1481 5204 bone
1497 5137 1555 5203 illa
1571 5137 1820 5204 omniaWetze-

161 5240 250 5308 lonis
273 5243 314 5306 de
336 5241 531 5326 Phumberg‚
563 5261 625 5324 que
649 5248 717 5308 tam
741 5241 790 5309 eis
811 5242 1008 5312 vendiderat
1031 5263 1127 5327 quam
1150 5245 1331 5328 legaverat.
1379 5244 1426 5310 Et
1449 5246 1508 5311 hec
1531 5243 1704 5327 promissio
1728 5242 1820 5310 lacto

432 5443 448 5478 a
471 5437 510 5488 ‚c‘
525 5433 585 5479 siber
599 5434 643 5479 der
657 5434 731 5479 Zeila.

221 5596 230 5627 ¹
248 5594 412 5651 &bellnae
423 5597 554 5651 Eberroin
571 5597 725 5652 roird1245
742 5597 773 5653 lu
789 5598 864 5652 aner
877 5599 967 5653 Ame-

119 5697 122 5704 ‘
162 5685 266 5753 osmer
281 5683 412 5739 Urkande
430 5687 574 5754 claZeape
589 5692 719 5756 genennt.
749 5687 848 5742 Gonia:
866 5687 966 5742 Arrsb.

165 5772 261 5838 Urba,
280 5775 322 5827 32.
