4400 6384
758 296 826 351 1284
845 297 921 351 nera
940 298 957 350 a
976 328 1008 335 -
1030 296 1097 349 1284
1117 297 1254 351 1111131.
1765 300 1831 365 233

286 493 450 559 Volradus
463 493 655 573 sclrultetuS,
670 492 806 573 scabini,
821 492 970 559 consules
984 492 1149 572 ceterique
1163 492 1252 558 cives
1265 492 1621 578 Franklentforoeaes.
1647 493 1828 574 Universis,

180 600 297 681 quibus
321 620 416 665 nosse
441 598 542 664 luerit
566 605 771 680 oportunum,
798 598 950 664 noticiam
967 598 1236 681 subscriptorum.
1280 600 1536 667 Succedentibus
1552 600 1615 666 sibi
1630 600 1732 667 variis
1750 606 1830 665 tem-

180 727 293 788 porum
317 706 588 786 reuolucionibus,
614 704 678 793 [ne]
704 725 811 771 rerum
836 712 1002 788 gestarum
1028 724 1138 786 causa,
1164 709 1277 771 modus
1293 713 1327 772 et
1343 710 1421 773 ordo
1438 709 1480 772 ab
1496 706 1659 773 hominnm
1675 707 1830 772 memoria

179 813 379 893 dilabantur,
410 831 544 877 necesse
575 818 635 893 est,
667 819 704 877 ut
735 811 826 877 lacta
850 811 1013 877 hominnm
1036 812 1223 878 litterarum
1246 813 1330 879 serie
1354 819 1388 879 et
1412 813 1597 880 testimonio
1621 816 1827 880 roborentur.

178 921 242 985 Pro
273 920 419 1001 presenti
449 919 561 999 itaque
593 919 716 1000 scripto
747 926 815 985 tam
845 921 1072 984 modernorum
1104 939 1198 999 quam
1230 927 1435 1001 posterorum
1465 920 1585 987 notioie
1613 921 1827 1002 declaramus

179 1030 264 1107 quod
295 1047 388 1092 soror
417 1029 529 1109 Agnes
560 1029 600 1091 de
631 1024 879 1111 Frank(en)iort
908 1032 1023 1091 nostra
1054 1026 1197 1093 concivis
1228 1028 1297 1093 nelo
1328 1030 1428 1093 ducta
1451 1028 1586 1109 pietatis
1610 1029 1650 1093 ob
1674 1012 1829 1093 honorem

178 1133 231 1198 dei
255 1140 288 1198 et
303 1133 444 1217 gloriose
460 1132 629 1216 genitricis
646 1153 703 1198 sue
723 1133 944 1214 donacionem,
962 1136 1123 1213 quondam
1142 1135 1183 1199 ab
1201 1134 1277 1200 avia
1293 1154 1354 1199 sua
1369 1136 1527 1200 Merlrude
1544 1133 1649 1200 felicis
1664 1134 1826 1216 memorie,

177 1260 240 1320 que
265 1240 514 1321 Sperewerinna
544 1240 724 1320 dicebatur,
751 1238 852 1321 priori
876 1246 909 1304 et
933 1238 1109 1305 couventui
1133 1239 1273 1306 iratrnm
1297 1240 1420 1306 ordinis
1443 1241 1689 1307 Predicatorum
1714 1244 1828 1307 domus

177 1346 520 1431 Frank(en)lordrnsis
545 1367 604 1428 pro
629 1347 770 1413 remedio
795 1345 900 1412 anime
925 1365 982 1411 sue
1007 1366 1045 1411 ac
1070 1346 1314 1428 progenitorum
1334 1367 1464 1413 suornm
1480 1347 1568 1413 inter
1583 1348 1677 1415 vivos
1692 1346 1826 1427 iactam,

176 1461 285 1519 ratam
315 1460 349 1518 et
379 1460 509 1536 gratam
539 1455 673 1535 habens,
700 1460 774 1535 post
802 1452 1018 1518 adiectionem
1042 1457 1245 1534 quorundam
1268 1456 1426 1520 bonorum
1450 1473 1490 1520 ex
1514 1454 1642 1535 affectu,
1668 1457 1828 1535 quemad

176 1562 314 1625 eundem
344 1560 445 1625 habet
476 1560 631 1641 ordinem,
663 1559 846 1626 renovarit.
896 1560 978 1623 Sunt
1009 1566 1118 1624 autem
1144 1560 1331 1641 subscripta
1354 1563 1450 1641 bona,
1476 1580 1537 1641 que
1561 1560 1635 1642 ipsa
1658 1562 1770 1643 Agnes
1794 1568 1828 1626 et

177 1666 254 1731 aria
284 1686 345 1731 sna
375 1665 441 1731 iam
472 1666 561 1746 dicta
585 1666 772 1732 memoratis
796 1664 956 1731 fratribus
981 1686 1062 1748 pure
1086 1675 1120 1731 et
1142 1666 1324 1732 liberaliter
1348 1668 1567 1749 contulerunt,
1593 1674 1668 1749 post
1691 1674 1827 1734 mortem

176 1771 320 1838 eiusdem
343 1772 483 1855 Agnetis
513 1773 720 1857 integraliter
752 1772 962 1855 percipienda
994 1780 1027 1837 et
1049 1772 1121 1839 iure
1146 1774 1364 1855 proprietario
1388 1774 1421 1839 in
1446 1794 1524 1839 usns
1548 1772 1678 1856 prefate
1702 1777 1825 1855 domus,

176 1886 275 1959 prout
304 1879 385 1960 ipsis
416 1877 576 1945 iratribus
607 1880 760 1961 expedire
790 1878 964 1959 uidebitur,
997 1882 1227 1946 convertenda.
1282 1882 1332 1946 De
1362 1884 1466 1962 domo,
1499 1901 1596 1962 quam
1627 1879 1827 1947 inhabitavit

175 1985 410 2051 Kummerinna
433 1984 599 2066 defuncta,
625 2006 686 2066 que
706 1985 771 2051 sita
787 1993 838 2051 est
852 1986 947 2051 iuxta
963 1986 1199 2067 Smalincoken,
1225 1987 1397 2052 solvuntur
1413 1988 1492 2053 IlII.
1511 1987 1606 2053 solidi
1621 1986 1826 2053 Coloniensos

173 2092 208 2155 in
243 2088 329 2156 iesto
364 2092 455 2157 beati
487 2092 633 2157 Martini.
693 2092 776 2157 Item
807 2096 893 2173 apud
929 2099 1020 2157 ortos
1056 2092 1157 2157 annui
1191 2094 1339 2161 redditus
1374 2094 1455 2159 llll.
1489 2093 1665 2159 solidorum
1700 2100 1733 2159 et
1767 2095 1824 2159 VI.

174 2197 382 2263 denariorum
417 2199 536 2264 levium
571 2198 604 2264 in
640 2202 750 2264 eodem
787 2197 872 2264 lesto
908 2201 947 2263 de
983 2205 1055 2265 orto
1092 2198 1155 2264 sito
1191 2198 1284 2265 iuxta
1319 2207 1459 2281 terram,
1497 2219 1593 2281 quam
1627 2220 1713 2265 nunc
1748 2200 1826 2266 colit

173 2304 341 2369 Albertus.
395 2306 478 2369 ltem
513 2306 650 2370 heredes
686 2311 850 2385 matrone,
883 2324 945 2385 que
980 2304 1100 2370 dicitur
1130 2306 1359 2389 Hubscberyn,
1392 2307 1523 2372 solvunt
1559 2306 1695 2390 singulis
1730 2307 1825 2372 annis

174 2410 239 2474 IX.
259 2410 377 2477 solidos
400 2412 483 2477 levis
507 2419 635 2477 monete
660 2415 699 2477 de
723 2414 849 2477 duobus
872 2411 1040 2494 iugeribus
1060 2412 1094 2476 in
1112 2410 1164 2477 die
1179 2411 1270 2478 beati
1285 2412 1404 2478 Jacobi
1421 2411 1639 2498 appostolitll,
1665 2413 1720 2493 qui
1736 2413 1825 2480 vide-

170 2516 251 2582 licet
274 2518 337 2582 IX.
360 2518 455 2583 solidi
487 2521 529 2583 ad
560 2522 802 2584 accendendam
831 2518 1014 2599 lampadem
1046 2537 1156 2583 coram
1185 2518 1284 2583 altari
1313 2519 1405 2584 beati
1434 2518 1596 2586 Dominioi
1624 2518 1658 2584 in
1686 2519 1825 2585 ecclesia

170 2621 314 2689 fratrum
338 2632 515 2691 memorate
539 2628 652 2691 domus
677 2632 753 2691 sunt
777 2630 935 2707 perpetue
959 2624 1119 2706 deputati,
1144 2625 1192 2690 ita
1216 2629 1301 2706 qrrod
1324 2625 1358 2690 in
1374 2626 1480 2691 nullos
1495 2644 1575 2691 usus
1591 2625 1673 2691 alios
1690 2646 1824 2693 conver-

170 2737 297 2796 tantur.
346 2732 395 2797 De
425 2732 620 2797 utensilibus
650 2735 763 2798 domus
795 2751 851 2797 sue
883 2738 916 2796 et
946 2730 1103 2797 universa
1134 2732 1352 2814 suppellectili
1379 2732 1607 2798 distribuenda
1631 2732 1825 2798 discrecioni

169 2834 314 2902 fratrum
338 2838 511 2927 committit
534 2840 647 2922 Agnes
671 2838 848 2919 sepedicta,
875 2838 903 2903 si
926 2838 1030 2919 ipsam
1055 2841 1212 2904 decedere
1237 2838 1413 2922 contigerit
1434 2838 1638 2904 intestatam.
1674 2840 1721 2905 Ut
1745 2859 1823 2923 ergo

169 2943 332 3024 premissa
356 2945 492 3011 donacio
516 2945 579 3011 rite
604 2952 637 3011 et
661 2945 906 3011 racionabiliter
929 2944 1022 3011 iacta
1045 2951 1122 3010 rata
1145 2951 1179 3010 et
1193 2945 1388 3013 inconvulsa
1403 2952 1595 3027 permaneat
1610 2952 1643 3011 et
1660 2965 1681 3011 a
1696 2946 1823 3011 nemine

168 3050 204 3114 in
238 3058 405 3131 posterum
437 3053 549 3118 valeat
580 3052 755 3133 infirmari,
790 3071 925 3134 presens
958 3051 1116 3134 scriptum
1150 3052 1266 3117 exinde
1301 3050 1486 3119 coniectum
1521 3051 1651 3135 sigilloa
1677 3051 1823 3119 civitatis

167 3156 520 3242 Frank(en)iordensis
553 3163 595 3225 ad
625 3158 824 3225 instanciam
859 3158 1019 3239 prelibata
1051 3158 1192 3243 Agnetis
1221 3156 1359 3225 fecimus
1391 3157 1589 3225 communiri.
1636 3158 1743 3224 Huius
1775 3159 1824 3225 rei

168 3270 275 3329 testes
308 3271 400 3330 sunt:
429 3266 617 3348 Volmarus,
654 3268 824 3331 Corradus
854 3266 1053 3347 tuobelinus,
1092 3267 1262 3332 Jolrannes
1296 3265 1472 3346 Goltstein,
1507 3272 1540 3331 et
1572 3264 1749 3331 Heinricus
1781 3268 1821 3330 de

167 3370 372 3455 lleilsbeym,
405 3371 531 3438 scabini
554 3370 920 3459 Franklenliordenses,
955 3380 988 3438 et
1019 3373 1075 3439 alii
1105 3389 1201 3454 quam
1232 3373 1352 3453 plures.
1399 3374 1520 3438 Actum
1543 3377 1576 3437 et
1601 3374 1712 3437 datum
1736 3392 1821 3437 anno

167 3478 291 3544 domini
314 3479 353 3543 rin
377 3498 424 3543 cc.
445 3479 643 3560 lxxxiv,
666 3498 776 3544 mense
799 3477 975 3545 februario.

277 3585 361 3650 Item
392 3604 534 3665 censum,
560 3605 650 3666 quem
681 3585 771 3650 dedit
794 3586 951 3651 Albertns
982 3586 1159 3668 predictus,
1185 3586 1337 3653 videlicet
1360 3588 1399 3652 V.
1422 3586 1542 3652 solidos
1572 3585 1692 3651 levium
1722 3588 1821 3651 dena-

167 3692 303 3771 riorum,
329 3695 423 3757 modo
447 3694 507 3757 dat
529 3693 699 3757 Corradus
722 3692 946 3758 Breitcnloere
971 3696 1010 3758 de
1033 3713 1097 3760 uno
1121 3693 1234 3776 ingere
1257 3699 1291 3759 et
1315 3692 1455 3758 dimidio.

383 3833 524 3899 Absclna'st
541 3833 572 3887 in
592 3834 914 3888 balbiniacum-Bucam
932 3835 1017 3888 Noa
1034 3834 1054 3899 f.
1069 3838 1105 3888 32
1122 3836 1164 3888 ab.
1202 3834 1241 3888 St.
1259 3834 1290 3888 A.
1305 3834 1357 3888 Fr.

384 3924 482 3977 Gedn:
501 3924 544 3989 B.,
568 3928 623 3977 212
646 3925 717 3978 noch
734 3924 863 3993 doepuin,
890 3922 980 3978 Codex
1000 3924 1194 3992 probationum
1215 3947 1247 3969 =
1266 3923 1589 3978 Dominiboneffliteber
1607 3925 1660 3978 No.
1674 3928 1724 3977 16a
1743 3924 1763 3987 t'.
1776 3928 1819 3977 26.

435 4012 587 4068 811111.

159 4282 258 4359 486.
285 4290 413 4373 Philipp
442 4314 501 4355 oona
525 4291 699 4373 Hobcnfels
726 4292 782 4354 der
805 4290 946 4372 Jiinpero
969 4290 1128 4373 iiberpiobl
1150 4290 1210 4352 den
1233 4288 1382 4353 Moinaer
1405 4288 1535 4373 Bri-rpor
1557 4288 1695 4353 Konrud
1718 4289 1821 4354 Kolbc

287 4420 345 4463 ron
379 4399 561 4477 Hocbbebu,
600 4402 706 4462 sednon
740 4397 955 4482 Eiponrnonn,
987 4398 1056 4461 (lent
1091 4395 1445 4460 Deutscltordcnslruusc
1474 4418 1516 4459 au
1548 4396 1817 4461 niurltseobousen.

285 4510 371 4569 1284
396 4506 494 4569 olera
517 4512 547 4569 3.
595 4502 669 4589 (ier.
693 4506 722 4569 6.
746 4523 776 4585 p.
799 4505 881 4568 dom.
903 4501 1100 4587 Invocavit).

382 4646 481 4700 Gednt
500 4646 605 4713 Gnidon,
627 4646 690 4700 bod.
704 4646 792 4715 Dipl,
839 4646 865 4713 V,
886 4648 941 4698 947
958 4668 989 4690 =
1009 4645 1129 4711 Harenas,
1148 4645 1174 4713 ,
1192 4648 1253 4712 259,
1273 4645 1381 4698 danucia
1399 4644 1512 4714 Repest:
1529 4644 1626 4712 Seuer,
1645 4644 1670 4711 1,
1689 4648 1749 4699 606.

151 4918 257 4993 487.
281 4923 351 4987 Dm
373 4922 772 4989 Doederlaordrnslcoritibnr
794 4946 835 4987 eu
858 4924 1120 4988 Surb-senlrousen
1143 4923 1271 5001 Lullarr,
1296 4924 1352 4987 der
1370 4924 1563 4988 Sclndlbeiss
1587 4928 1620 4987 in
1635 4922 1819 5005 Fronlsurt

278 5031 397 5095 Volrod
428 5031 493 5094 zared
522 5032 578 5094 dor
608 5029 825 5110 Fronlcfurtcr
854 5030 984 5114 Bdrpor
1011 5030 1150 5095 Konrod
1172 5031 1311 5094 tt'ooebo
1341 5031 1508 5110 bedrnnen,
1539 5032 1617 5096 dom
1646 5032 1702 5095 der
1724 5034 1819 5095 stret

279 5139 435 5202 arciselaus
458 5138 518 5201 den
543 5137 729 5201 Gobridlrua
752 5160 811 5201 coo
836 5138 950 5221 anon
973 5136 1026 5222 (de
1043 5136 1217 5222 indagine)
1241 5139 1306 5201 occul
1329 5139 1399 5202 dein
1414 5136 1545 5201 Kloster
1560 5138 1818 5202 Sclaurerlenborb

282 5245 428 5329 beipelept
450 5248 505 5309 sci.
551 5243 647 5309 Under
669 5244 729 5307 den
747 5244 871 5327 Zeupcn
895 5266 925 5308 u.
944 5267 988 5309 a:
1015 5246 1187 5309 Cunradus
1211 5243 1318 5308 dictus
1335 5245 1471 5309 Swevus
1487 5246 1527 5308 de
1543 5243 1815 5327 Bruningisheim,

280 5352 484 5416 Hartmudus
501 5353 540 5415 de
555 5350 790 5431 Sassenhusen,
808 5350 941 5431 milites
968 5352 1139 5416 (luuradus
1155 5350 1240 5416 filius
1256 5350 1396 5430 predicti
1407 5350 1460 5431 H,
1475 5350 1694 5430 Marquardus
1710 5350 1817 5417 dictus

280 5457 415 5539 Bluwel,
450 5459 621 5523 Cnnradus
653 5456 738 5522 iilius
771 5456 927 5539 Folmari,
960 5457 1150 5524 Fridcricus
1182 5460 1222 5522 de
1254 5457 1457 5523 Esshebach.
1519 5463 1606 5522 1264
1635 5459 1733 5524 nana
1762 5465 1815 5524 31.

281 5564 339 5650 (Il.
361 5564 428 5631 kal.
449 5563 558 5650 april.)

431 5759 455 5809 11)
471 5756 588 5811 Vorlope:
603 5756 745 5811 ,sigillum'.

214 5874 383 5919 Franklurter
400 5872 595 5917 [lrkundanbueh
609 5875 626 5916 1.
