4400 6384
765 365 833 419 raro
852 365 910 421 Juu
930 367 944 421 1
965 398 996 407 -
1018 366 1087 422 ram
1107 370 1218 439 rugan
1237 369 1279 423 ro.
1785 373 1848 442 179

191 556 285 633 367.
309 564 469 647 Gottfrr'cd
498 564 555 629 der
570 549 677 629 ridere
706 584 766 628 oon
788 563 944 646 Eppstet'n
974 566 1092 631 belebnt
1114 567 1175 633 den
1198 567 1417 650 Fronlfnrter
1439 569 1671 635 Scbnltbcisscn
1694 571 1849 639 Heima'cb
1937 613 1940 620 .

308 676 364 737 neit
387 676 485 737 nmero
507 671 627 757 Wnpen
649 670 738 739 Wcin
755 672 907 753 potsunt.
955 678 1043 738 1276
1065 673 1139 740 Jrcli
1162 681 1193 740 1.

298 813 499 882 Godelridus
531 812 639 880 senior
670 815 710 880 de
739 813 955 896 Eppenstein.
1010 816 1137 883 'fenore
1169 816 1372 899 presencium
1404 826 1627 901 protestamur
1657 828 1691 887 et
1709 820 1734 896 lt
1752 842 1849 889 nosse

191 922 340 989 volumus
369 922 551 1004 universos,
577 924 662 1003 quod
692 941 753 988 nos
783 923 904 989 devota
935 920 1101 1010 servi[oia]
1133 922 1245 990 dilecti
1270 924 1375 991 fidelis
1398 925 1504 991 nostri
1526 925 1693 1001 Henllrici
1716 929 1849 996 sculteti

191 1026 524 1109 Frankenfordensis,
550 1048 611 1110 que
642 1027 736 1095 nobis
767 1027 913 1095 exhibuit
944 1034 978 1095 et
1000 1029 1033 1095 iu
1059 1036 1160 1097 entea
1183 1030 1336 1097 exhibere
1360 1032 1484 1115 poterit
1502 1031 1526 1107 ll
1544 1033 1697 1117 graciora
1719 1034 1847 1118 merita,

192 1138 417 1218 attendentes,
449 1142 616 1202 carratam
646 1133 714 1203 vini
743 1134 778 1201 in
808 1133 961 1223 [H]urste
992 1139 1032 1202 de
1062 1144 1175 1203 nostro
1207 1147 1371 1206 cremento
1404 1140 1573 1206 annuatim
1604 1142 1847 1225 assignandam,

191 1241 254 1309 sibi
278 1249 312 1308 et
336 1242 403 1308 suis
422 1242 597 1309 heredibus
613 1241 646 1308 in
664 1240 786 1329 [feodo]
806 1241 956 1309 duximus
973 1247 1222 1311 concedendam.
1256 1245 1330 1312 'leli
1345 1252 1455 1317 tamen
1470 1246 1669 1329 interposita
1685 1248 1847 1331 pactione,

190 1356 228 1415 ut
258 1368 331 1415 eum
354 1369 413 1416 uos
437 1346 565 1437 eildem]
591 1348 730 1433 triginta
753 1369 883 1416 marcas
907 1349 1147 1417 Coloniensinm
1170 1354 1377 1419 denariorum
1399 1352 1592 1435 dederimus,
1618 1353 1692 1436 ipsa
1714 1363 1850 1422 carrata

190 1454 259 1523 vini
290 1459 333 1522 ad
362 1476 422 1523 nos
450 1456 554 1522 libere
584 1462 783 1539 revertatur,
808 1475 905 1538 quam
929 1457 1100 1539 pecuniam
1124 1465 1225 1541 ponet
1247 1458 1282 1525 in
1305 1458 1405 1525 certis
1428 1460 1523 1555 bouis
1547 1460 1667 1544 allodii,
1693 1482 1755 1543 que
1777 1462 1849 1545 ipse

190 1569 225 1629 et
248 1563 299 1628 sui
321 1564 458 1630 heredes
481 1560 627 1629 universi
651 1583 671 1628 a
694 1562 788 1628 nobis
812 1570 846 1629 et
870 1584 890 1630 e
914 1564 1035 1631 nostris
1059 1565 1234 1632 heredibus
1258 1566 1353 1633 titulo
1369 1566 1449 1633 iusti
1464 1564 1554 1633 leodi
1569 1575 1727 1650 perpetuo
1744 1568 1849 1651 possi-

190 1671 323 1735 debunt.
355 1669 396 1734 In
420 1669 512 1736 cuius
534 1668 583 1736 rei
606 1669 828 1736 testimonium
851 1677 1022 1753 presentes
1045 1671 1176 1740 litteras
1195 1672 1259 1739 sibi
1274 1672 1421 1740 dedimus
1436 1671 1535 1757 sigilli
1551 1673 1657 1740 nostri
1672 1674 1847 1742 munimine

189 1776 413 1861 consignatos.
460 1778 557 1843 Anno
581 1775 703 1843 domiui
725 1777 766 1842 rb.
789 1770 831 1843 o‘c.
853 1758 1015 1862 lxxii,
1039 1778 1074 1844 in
1098 1786 1218 1847 octava
1241 1780 1332 1847 beati
1354 1780 1517 1847 Jobannis
1541 1780 1697 1862 baptiste.

406 1918 451 1972 Or.
466 1917 553 1989 Ppmt.
567 1918 617 1973 mit
636 1918 839 1987 adtendendam
858 1919 1045 1991 bescbdde'ptcn
1064 1921 1247 1991 Reiterar'egel.
1289 1922 1417 1977 dronae

404 2008 504 2063 Gale:
523 2008 565 2074 B,
587 2010 640 2064 178
657 2008 728 2063 nacla
746 2008 804 2063 dem
826 2008 872 2064 Or.
894 2049 900 2061 .

187 2286 279 2363 368.
304 2294 551 2378 Anfecicbnnnp
588 2294 664 2358 tiber
700 2294 750 2359 die
787 2280 983 2361 Ubernobme
1016 2296 1071 2362 des
1108 2295 1391 2365 Kdrnmcreiamtes
1425 2321 1477 2365 ortt
1513 2299 1732 2383 Fronkfnotcr
1767 2303 1846 2384 scin

303 2402 404 2466 rlecrcb
427 2400 559 2466 Jobonn
581 2422 642 2465 con
664 2400 780 2467 Moror
802 2402 870 2467 und
894 2401 994 2469 Peter.
1043 2409 1131 2469 1276
1153 2405 1235 2471 Jadt.

294 2546 390 2610 Anno
407 2542 529 2609 domini
544 2563 583 2609 m.
603 2562 648 2609 ce.
665 2542 822 2625 lXXVI,
839 2563 949 2611 mense
964 2544 1051 2627 iulio,
1070 2546 1289 2613 concessimus
1305 2547 1433 2614 domino
1450 2550 1473 2615 J
1475 2549 1597 2616 ohanni
1611 2552 1651 2616 de
1667 2551 1845 2635 Moguncia

186 2658 221 2717 et
244 2650 374 2717 domino
389 2649 489 2715 Petro
514 2648 650 2716 officium
675 2650 854 2717 camerarie
877 2659 1000 2734 nostre,
1026 2652 1072 2719 sic
1093 2651 1247 2720 videlieet
1263 2657 1348 2736 quod
1364 2654 1426 2737 die,
1451 2676 1514 2737 quo
1531 2657 1735 2739 computacio
1752 2656 1845 2725 iacta

185 2756 298 2839 luerit,
324 2760 403 2823 dent
425 2756 520 2823 nobis
542 2756 703 2823 kalendas
727 2763 859 2825 nostras
884 2757 935 2825 die
960 2762 1071 2825 eodem
1095 2767 1129 2825 et
1151 2759 1301 2827 similiter
1316 2761 1505 2843 presencias
1522 2764 1647 2830 dabunt
1663 2764 1756 2830 nobis
1772 2764 1843 2847 ipso

186 2864 249 2946 die,
268 2884 330 2946 quo
356 2862 479 2930 luerint
503 2863 677 2946 deservite,
696 2870 730 2931 et
753 2866 848 2931 ambo
872 2885 907 2931 se
930 2864 964 2932 in
988 2865 1126 2933 solidum
1145 2866 1342 2951 obligarunt,
1361 2872 1446 2949 quod
1463 2868 1557 2936 nobis
1573 2877 1689 2936 nostra
1703 2871 1844 2938 fideliter

185 2970 428 3037 amministreut
451 2979 494 3052 et,
520 2970 548 3036 si
572 2970 736 3037 defectum
760 2971 900 3053 aliquem
923 2972 1143 3055 habuerimus,
1168 2973 1258 3040 illum
1281 2975 1375 3041 nobis
1399 2976 1608 3059 supplebunt.
1631 2978 1717 3049 ,Res
1733 2985 1843 3045 autem

184 3084 319 3143 nostras
344 3098 384 3144 ex
408 3078 514 3144 altera
538 3083 634 3159 parte
650 3078 736 3143 Reni
759 3078 914 3162 colligent
937 3079 1060 3146 nostris
1084 3080 1246 3163 expensis,
1272 3101 1313 3147 ex
1335 3082 1402 3149 ista
1421 3102 1499 3151 vero
1516 3090 1611 3165 parte
1628 3084 1705 3165 suis,
1731 3092 1843 3166 preter

185 3183 457 3267 Aschallenburg.
505 3184 590 3249 item
613 3182 778 3268 corrigere
801 3184 903 3252 libros
927 3192 1090 3253 tenentur.

399 3326 542 3392 Abscbrt'st
567 3326 598 3380 in
623 3326 724 3381 Bartle
745 3328 861 3396 Bttcber,
887 3327 963 3383 Serio
981 3330 1025 3398 ΙΙ,
1052 3331 1137 3385 Notv
1150 3330 1171 3397 s.
1188 3329 1247 3387 rob.
1291 3331 1377 3386 Notis
1401 3332 1522 3387 dordber
1547 3333 1616 3387 aucit
1640 3333 1672 3387 in
1697 3333 1773 3388 Serio
1797 3335 1842 3403 II,

452 3416 505 3472 No.
519 3412 588 3483 W·
604 3412 663 3470 1οὒ.
701 3415 740 3470 St.
754 3417 788 3469 A.
805 3418 856 3473 Fr.

403 3504 461 3574 Vpl.
477 3503 657 3573 Wrtrdtwcin,
676 3503 753 3559 Saba.
774 3506 862 3575 Dipt,
881 3507 907 3575 Ι,
926 3509 968 3562 33.

181 3781 276 3859 369.
299 3791 464 3874 Heinrich,
496 3792 689 3859 Scbnltlcciss
718 3797 753 3859 in
776 3792 970 3877 Franlcfnrt,
994 3795 1121 3875 ebibet,
1145 3796 1224 3861 class
1246 3795 1358 3880 Kdnip
1381 3795 1509 3877 Rndolf
1535 3796 1595 3861 den
1611 3795 1759 3879 Verkonf
1784 3798 1841 3896 fler

297 3900 569 3964 rciclcslcbnboren
593 3899 754 3983 Hofstdttc
784 3902 850 3966 rond
879 3902 934 3966 ricc
961 3906 1137 3967 etcincrnen
1159 3903 1288 3967 Honscs
1313 3907 1346 3967 in
1369 3904 1630 3969 Sacbsenlconscn
1653 3926 1713 3969 oon
1736 3907 1839 3972 Senon

298 4007 353 4071 des
376 4006 496 4072 Ridens
519 4007 681 4071 Hortnend
711 4029 754 4072 on
784 4008 843 4072 den
866 4007 1105 4074 Dentsclaordcn
1133 4010 1271 4074 desecte
1300 4011 1501 4094 pcrtcbnn'pcn
1531 4012 1641 4091 conde,
1666 4012 1733 4076 and
1761 4013 1839 4079 dass

298 4113 462 4178 Hartman-d
485 4114 554 4178 rlcnc
576 4113 692 4179 Reicbc
715 4115 825 4179 bercits
849 4116 964 4180 endere
985 4116 1085 4181 Giitcr
1107 4138 1181 4181 accen
1195 4115 1316 4182 Ersotc
1339 4118 1389 4182 als
1405 4115 1510 4182 Lebcn
1532 4121 1728 4202 onpcrciescn
1749 4120 1837 4185 bate.

309 4221 441 4300 'inorme
468 4225 556 4285 1276
579 4221 709 4306 Anpnst
732 4227 784 4286 10.

290 4362 330 4427 lu
353 4360 481 4429 nomine
505 4369 619 4429 sancte
643 4371 677 4430 et
699 4363 866 4432 individue
890 4363 1060 4431 trinitatis.
1100 4364 1162 4446 Ea,
1188 4384 1250 4447 que
1273 4373 1434 4449 geruntur
1452 4364 1658 4450 intempore,
1683 4388 1724 4435 ne
1743 4368 1839 4436 simul

179 4488 254 4535 cum
284 4468 441 4551 temporis
468 4469 563 4553 lapsu
587 4470 752 4553 labantur,
771 4469 796 4545 ll
814 4471 922 4537 solent
944 4470 978 4537 in
1001 4471 1115 4555 lingua
1138 4471 1271 4537 testium
1295 4472 1413 4555 deponi
1437 4479 1471 4538 et
1494 4472 1658 4555 scripture
1681 4476 1837 4543 memoria

179 4574 389 4659 perbennari.
428 4578 501 4661 Qua
524 4583 659 4659 propter
682 4597 743 4661 ego
759 4577 934 4644 Heinricus
951 4577 1140 4652 scullltetus
1157 4578 1303 4647 civitatis
1319 4578 1352 4644 in
1369 4580 1599 4648 Frankenvort
1623 4582 1665 4647 ad
1681 4581 1836 4649 noticiam

177 4682 408 4750 universorum
432 4690 500 4749 tam
516 4684 719 4767 presencium
736 4704 833 4767 quam
848 4692 1054 4767 posterorum
1070 4684 1166 4767 cupio
1181 4683 1205 4759 ll
1219 4684 1382 4767 devenire,
1408 4685 1607 4767 empcionem
1624 4706 1700 4753 aree
1716 4688 1837 4755 domini

178 4788 357 4856 Hartmbdi
378 4790 491 4857 militis
515 4811 586 4857 cunr
611 4794 703 4859 domo
728 4792 868 4874 lapidea,
894 4812 952 4876 per
975 4791 1099 4859 iratres
1124 4796 1237 4859 domos
1260 4791 1295 4858 in
1312 4792 1538 4861 sassenhusen
1558 4791 1691 4876 iactam,
1710 4813 1730 4860 a
1748 4815 1836 4863 sere·

178 4896 316 4963 nissimo
340 4894 425 4963 Rue.
451 4898 672 4965 Romanorum
702 4918 780 4983 rege
811 4906 845 4965 et
875 4918 1003 4981 semper
1035 4906 1175 4983 augusto
1206 4897 1387 4965 sanccitam
1416 4896 1489 4965 fore
1520 4905 1620 4981 atque
1650 4900 1834 4984 solidatam,

176 5003 229 5069 ita
263 5006 349 5083 quod
381 5003 536 5086 prelibati
568 5002 691 5072 iratres
722 5006 824 5072 libere
857 5014 891 5072 et
923 5006 993 5072 sine
1026 5006 1115 5072 omni
1144 5005 1361 5073 infestacione
1393 5013 1550 5087 tanquam
1582 5009 1670 5074 bona
1701 5009 1836 5091 propria

178 5116 337 5192 poterunt
369 5110 546 5193 possidere.
604 5112 745 5195 Insuper
777 5113 983 5180 confirmacio
1017 5113 1186 5180 antedicta
1218 5112 1331 5179 taliter
1362 5111 1455 5180 lacta
1487 5121 1716 5197 cognoscatur,
1750 5119 1835 5197 quod

178 5216 427 5299 prenominatus
451 5219 548 5284 Hert.
579 5218 671 5286 miles
700 5221 788 5287 bona
817 5224 857 5286 de
888 5220 955 5287 suis
985 5219 1247 5304 possessionibus
1275 5228 1343 5287 tam
1366 5220 1518 5303 spaciosa
1541 5219 1689 5302 tantique
1713 5221 1835 5288 valoris
1879 5258 1883 5265 ·

176 5324 250 5389 loco
285 5323 492 5390 venditorum
526 5327 624 5392 debet
656 5325 826 5411 assignare
865 5326 963 5393 michi
998 5327 1155 5409 sculteto,
1195 5327 1273 5408 quia
1306 5325 1435 5393 nomine
1465 5323 1554 5393 leodi
1582 5328 1670 5393 bona
1699 5327 1835 5395 vendita

175 5431 374 5512 possederat
405 5433 446 5496 ab
476 5430 639 5513 imperiali
667 5432 830 5516 claritate,
856 5440 890 5499 et
912 5436 974 5501 hoe
998 5436 1207 5519 presentibus
1229 5434 1397 5515 impletum
1420 5434 1576 5516 profiteor
1600 5440 1633 5499 et
1657 5440 1832 5517 protestor.

174 5536 286 5603 Huius
307 5538 566 5605 confirmacionis
583 5545 685 5605 testes
702 5548 795 5607 sunt:
816 5541 964 5608 dominus
982 5544 1189 5609 Reinhardus
1205 5545 1245 5608 de
1257 5537 1389 5625 Hagnii,
1407 5538 1597 5621 derehtus
1613 5541 1834 5625 pergravius⁸

174 5646 217 5709 de
249 5642 467 5725 Frideberclr,
496 5644 676 5712 Ekkardus
707 5648 867 5713 scultetus
898 5651 938 5715 de
969 5648 1207 5730 Geilenbusen,
1239 5649 1410 5715 Johanues
1440 5647 1548 5714 dictus
1578 5647 1698 5730 Mulel,
1730 5650 1834 5734 Hart-

446 5839 470 5893 ιι)
485 5836 524 5881 Im
540 5838 581 5882 Or.
592 5842 675 5894 sprtter
689 5840 867 5894 einpeeclrodcn,
883 5841 957 5885 theiis
969 5842 1004 5893 in,
1020 5842 1092 5885 tteils
1106 5842 1166 5886 ider
1180 5843 1224 5886 der
1238 5842 1312 5886 zare.

1688 5951 1740 6004 23*
