4400 6384
742 329 811 384 1295
830 330 937 386 ianuar
955 332 990 384 25
1010 361 1043 370 -
1063 330 1290 385 tesserariae.
1774 333 1838 398 331

185 525 382 610 Arnisburg,
407 525 558 592 conversi
582 525 707 593 ordinis
731 528 983 610 cysterciensis·
1013 526 1172 610 magister
1195 527 1399 610 Dytbmarus
1422 528 1575 609 decanus,
1606 527 1777 593 ,Iohannes
1800 530 1841 593 de

185 632 403 698 Bethinhusin
438 633 647 714 scolasticus,
685 633 832 699 canonici
861 635 1213 715 Frankenvordenses;
1250 635 1422 699 Cunradus
1455 634 1582 700 Suevus
1614 640 1648 698 et
1677 633 1841 699 Henricus

186 739 294 804 dictus
319 739 467 820 Sapiens
498 739 634 820 milites;
666 738 754 806 cuno
785 743 825 805 de
855 739 1136 823 Bruningesheim,
1161 739 1352 822 Volgwinus
1383 742 1423 804 de
1445 739 1634 821 Wetflaria,
1658 739 1841 823 Wigandus

185 845 271 910 filius
302 845 452 927 Demari,
484 845 689 910 Hartmudus
720 841 918 927 Bldmonin,
951 847 1143 912 Gerhardus
1173 846 1329 926 piscator,
1362 853 1396 910 et
1426 844 1483 910 alii
1513 845 1722 926 quamplures
1752 845 1841 913 cives

185 952 523 1018 Frankenvordenses
540 951 704 1034 fidedigni.
737 952 776 1016 In
794 951 885 1017 cuius
902 951 950 1016 rei
967 951 1187 1016 testimonium
1202 948 1352 1032 prelatas
1367 950 1491 1016 litteras
1508 950 1604 1016 dictis
1622 1003 1628 1015 .
1648 1004 1654 1016 .
1673 951 1841 1018 abbatisse

186 1063 220 1121 et
239 1109 244 1121 .
264 1108 271 1120 .
290 1057 467 1123 conventui
496 1057 602 1140 sigillo
632 1077 702 1123 meo
727 1077 792 1123 una
816 1077 887 1122 cnm
912 1057 1027 1140 sigillis
1050 1058 1286 1122 honorabilium
1309 1056 1454 1124 virorum
1478 1057 1594 1123 decani
1618 1064 1652 1122 et
1675 1057 1843 1124 scolastici

186 1163 406 1244 predictorum
438 1164 560 1229 tradidi
591 1163 763 1246 sigillatas.
811 1165 902 1229 Nos.
923 1216 928 1228 .
947 1167 1090 1229 decanus
1122 1169 1179 1228 et.
1199 1216 1205 1227 .
1223 1162 1417 1229 scolasticus
1448 1163 1588 1245 predicti
1618 1167 1660 1229 ad
1690 1172 1842 1248 rogatum

186 1271 220 1334 C.
235 1269 398 1335 Wobelini
428 1269 568 1351 predicti
598 1269 707 1353 sigilla
737 1277 853 1335 nostra
883 1269 1091 1352 presentibus
1119 1276 1196 1335 sunt
1219 1268 1420 1354 appensaii).
1467 1271 1588 1335 Actum
1611 1290 1697 1336 anno
1721 1269 1843 1335 domini

184 1377 226 1440 rii.
249 1369 291 1441 ob.
313 1375 524 1460 nonagesimo
549 1376 672 1457 quinto,
699 1375 744 1462 [in
768 1373 833 1462 dile
857 1376 947 1441 beati
969 1376 1138 1458 Anthonii,
1164 1377 1197 1441 in
1221 1376 1312 1441 curia
1336 1375 1503 1442 scolastici
1526 1376 1717 1458 supradicti.

403 1516 448 1570 Or.
462 1517 549 1586 Ppmi.
588 1516 653 1570 Nur
678 1516 722 1569 die
739 1517 1016 1588 Pcrporaeuisireifen
1041 1517 1090 1582 fiir
1109 1517 1154 1570 die
1172 1517 1267 1570 beiden
1285 1519 1381 1572 leiaieu
1399 1517 1487 1588 Sieqel
1504 1517 1569 1572 sind
1587 1519 1715 1572 erbuliea.
1753 1517 1792 1572 St.
1805 1520 1840 1571 A.

458 1605 628 1671 Wiesbaden,
647 1605 760 1659 Kiosier
782 1607 874 1660 ibren
893 1607 945 1660 No.
960 1610 1002 1658 38.

400 1693 514 1763 Reposi:
532 1693 628 1761 Seuer,
647 1693 673 1760 I,
695 1697 752 1748 702.

186 1968 279 2044 667.
303 1977 451 2056 Kotorod,
469 1978 554 2042 Solia
573 1978 710 2042 Wicliors
731 1980 784 2042 cles
801 1979 830 2042 J
830 2000 931 2062 tropea
950 2000 1006 2042 eoa
1023 1981 1078 2042 dor
1094 1980 1230 2057 Briici'e,
1255 1980 1386 2064 Bri-iper
1401 2001 1442 2044 aa
1457 1980 1492 2043 F
1491 1980 1652 2060 recalefieri,
1676 1981 1743 2045 und
1758 1984 1843 2046 seiae

303 2083 397 2148 Fruu
421 2085 609 2167 liberere-pou
633 2085 692 2148 dea
716 2085 870 2150 Kliisiera
895 2085 1003 2150 Tierua
1027 2087 1092 2149 aliid
1117 2086 1327 2151 nra-ramora
1351 2089 1393 2150 im
1409 2086 1594 2151 Ausiouscb
1616 2087 1676 2167 fair
1698 2088 1759 2151 doe
1781 2109 1842 2152 oon

302 2191 407 2254 diesen
438 2191 629 2274 adquireteae
659 2191 955 2274 Eiperdliumsreohi
985 2213 1029 2256 on
1058 2196 1143 2256 einer
1172 2192 1261 2275 Hufe
1290 2213 1332 2255 etc
1365 2192 1746 2276 oder-(Hof)Erienbacie
1776 2198 1843 2258 eine

302 2296 414 2361 Miilile
438 2297 485 2360 bei
508 2297 623 2361 diesem
647 2295 761 2379 Dorso.
810 2303 898 2362 1295
923 2299 1055 2363 Jaouor
1077 2303 1131 2363 25.

294 2439 475 2518 Cunradus,
499 2437 585 2502 filius
610 2441 772 2518 quondam
795 2438 1061 2522 iuvenisWigen'
1083 2439 1118 2505 in
1133 2441 1248 2520 Ponte,
1273 2445 1308 2504 et
1329 2437 1524 2519 Katherina,
1548 2459 1632 2505 uxor
1655 2440 1724 2506 eius
1746 2440 1843 2523 legit-

186 2545 277 2627 tima,
309 2544 398 2611 cives
428 2544 776 2611 Frankenvordenses.
796 2545 822 2618 li
840 2545 1012 2612 Universis
1042 2549 1104 2611 has
1132 2546 1256 2611 litteras
1286 2546 1408 2613 visuris
1438 2546 1586 2627 cupimus
1616 2566 1689 2612 esse
1718 2553 1841 2630 notum,

186 2655 272 2732 quod
296 2671 356 2716 nos
380 2650 551 2716 occasione
575 2651 744 2716 cuiusdam
767 2653 874 2718 mansi
895 2653 929 2717 in
953 2652 1101 2719 terminis
1125 2653 1201 2720 ville
1221 2650 1471 2718 Hoi-Erlebach
1489 2651 1514 2725 il
1531 2653 1597 2734 siti,
1622 2653 1715 2718 ouius
1736 2653 1844 2719 mansi

186 2765 276 2824 terre
307 2756 442 2823 arabilis
473 2756 660 2838 proprietas
684 2761 726 2822 ad
750 2758 923 2842 religiosas
948 2759 1095 2825 dominas
1115 2812 1120 2823 .
1140 2811 1146 2823 .
1166 2758 1370 2824 abbatissam
1393 2765 1426 2824 et
1444 2811 1451 2823 .
1471 2811 1477 2822 .
1496 2765 1693 2826 conventum
1716 2759 1844 2825 cenobii

184 2868 226 2930 de
242 2865 375 2929 Tlrrono
392 2865 416 2936 li
436 2870 470 2928 et
494 2867 536 2928 ad
554 2915 560 2928 .
581 2915 586 2928 .
606 2864 809 2930 abbatissam
834 2873 890 2930 et.
911 2919 917 2929 .
937 2873 1133 2933 conventum
1158 2865 1286 2931 cenobii
1301 2865 1418 2930 Fontis
1434 2871 1550 2931 sancte
1565 2866 1671 2932 llario
1690 2872 1843 2948 spectare

186 2971 430 3052 dinoscebatur,
463 2990 524 3050 que
547 3023 552 3034 .
578 3023 584 3034 .
607 2971 776 3036 abbatisse
806 2979 840 3037 et
863 3025 868 3036 .
893 3025 898 3036 .
924 2980 1105 3040 conventus
1138 2974 1178 3038 de
1209 2972 1306 3054 plano
1338 2970 1617 3039 renunciaverunt
1646 2971 1844 3054 proprietati

187 3078 269 3143 dicti
298 3076 415 3158 mansi,
446 3084 484 3141 ut
513 3076 620 3158 ipsum
650 3081 792 3144 vendere
820 3099 998 3161 possemus,
1023 3079 1170 3161 ipsarum
1194 3077 1456 3144 contradictione
1479 3097 1545 3144 non
1568 3079 1731 3160 obstante,
1757 3098 1843 3144 com-

186 3184 354 3250 municata
377 3202 476 3248 manu
501 3189 534 3248 et
550 3183 696 3248 unanimi
712 3203 873 3251 consensu
888 3190 928 3251 de
944 3187 1042 3267 plano
1058 3185 1323 3251 renunciavimus
1340 3192 1373 3250 et
1389 3185 1597 3266 presentibus
1613 3184 1842 3251 renunciamus

186 3291 273 3357 omni
296 3290 369 3372 iuri,
395 3292 481 3371 quod
504 3289 598 3356 nobis
620 3289 656 3355 in
678 3291 861 3358 molendino
885 3291 979 3358 iuxta
1003 3292 1125 3358 dictam
1147 3291 1259 3359 villam
1283 3290 1347 3357 sito
1372 3293 1570 3372 conpetebat
1593 3311 1651 3357 seu
1667 3299 1843 3373 conpetere

186 3397 371 3478 videbatur,
401 3396 466 3466 ita,
482 3399 568 3477 quod
598 3395 729 3478 prefate
747 3449 752 3462 .
773 3449 778 3462 .
798 3399 966 3464 abbatisse
997 3405 1030 3464 et
1048 3450 1053 3462 .
1073 3451 1079 3463 .
1098 3405 1280 3465 conventus
1311 3397 1471 3463 dictorum
1502 3397 1710 3464 cenobiorum
1734 3398 1842 3480 ipsum

185 3503 404 3570 molendinum
429 3523 466 3568 eo
489 3503 570 3584 iure,
596 3523 658 3584 quo
682 3504 788 3585 ipsum
813 3505 1024 3587 possedimus,
1050 3511 1209 3587 perpetuo
1233 3505 1369 3571 valeant
1393 3503 1569 3586 possidere.
1605 3505 1723 3571 Testes
1746 3506 1842 3570 huius

187 3618 279 3676 sunt:
304 3612 458 3676 Andreas
475 3609 567 3676 miles
584 3611 622 3675 de
635 3610 788 3694 Vilmere,
814 3613 986 3677 Cunradus
1003 3614 1043 3677 de
1058 3612 1298 3694 Heldebergen,
1323 3610 1568 3694 Heylemannus
1585 3615 1625 3678 de
1640 3613 1841 3694 Hulzhusen‚

186 3719 356 3799 Rupertus
379 3716 465 3782 filius
480 3716 642 3783 Volcwini
664 3720 704 3782 de
720 3718 902 3800 Wetflaria,
921 3718 1143 3783 Theodericus
1166 3718 1316 3784 notarius
1336 3719 1663 3798 Frankeaoordeasis,
1681 3725 1715 3784 et
1730 3737 1842 3799 quam-

187 3825 298 3906 plures
322 3822 378 3889 alii
401 3822 490 3890 cives
506 3823 827 3890 Fraukeaoordeases
851 3824 1014 3908 fidedigni.
1066 3825 1106 3889 In
1130 3824 1222 3890 cuius
1246 3823 1294 3889 rei
1310 3823 1532 3891 testimonium
1548 3844 1607 3891 nos
1624 3826 1842 3891 Culemannus

187 3937 220 3995 et
231 3930 417 3996 Katberina
433 3929 616 4012 supradicti
632 3931 803 4012 prelibatis
820 3931 965 3997 cenobiis
981 3937 1153 4011 presentes
1169 3929 1293 3996 litteras
1309 3929 1416 4013 sigillo
1433 3931 1661 3999 universitatis
1673 3932 1842 3997 Frankere

185 4039 350 4102 verdensis
380 4036 541 4102 tradimus
572 4037 796 4118 corn-munitas,
828 4040 913 4117 quod
944 4039 986 4102 ad
1017 4055 1132 4118 preces
1156 4043 1289 4102 nostras
1314 4055 1397 4118 per.
1417 4090 1423 4101 .
1442 4036 1593 4103 scabinos
1617 4038 1843 4103 Frankeaoor-

185 4145 297 4209 deseos
328 4143 536 4225 presentibus
564 4149 614 4208 est
646 4162 835 4225 appensum.
883 4145 1004 4209 Actum
1035 4162 1120 4209 anuo
1149 4142 1271 4208 domini
1299 4145 1339 4208 rii.
1362 4138 1404 4209 ob.
1429 4123 1540 4226 xlii,
1565 4143 1599 4209 in
1629 4143 1842 4211 conversione

185 4249 277 4316 beati
299 4249 395 4316 Pauli
418 4250 569 4332 apostoli.

402 4392 448 4446 Or.
466 4392 554 4462 Ppmt.
591 4393 653 4446 Das
671 4392 848 4461 obboaqeade
861 4389 1073 4462 Stadisiepelm)
1093 4391 1130 4443 ici
1148 4392 1225 4444 aluric
1245 4392 1405 4462 beeebddiqt.
1443 4391 1482 4447 st.
1496 4393 1531 4446 A.
1544 4391 1716 4458 wissinden,
1730 4391 1843 4446 Kioaier

458 4481 550 4534 Toron
569 4481 622 4533 No.
637 4483 679 4533 39.

400 4569 515 4639 Repesi:
533 4571 629 4636 Saue,
648 4570 674 4638 I,
696 4573 754 4624 703.

185 4844 278 4922 668.
302 4854 413 4938 Ko‘aip
436 4855 541 4936 Adols
569 4860 697 4920 crotenai
725 4856 786 4920 dea
808 4853 991 4919 Dccboaioo
1017 4855 1073 4918 dor
1096 4853 1130 4917 F
1130 4855 1315 4936 raabfurter
1337 4856 1458 4920 Kireiie
1480 4856 1547 4920 aad
1569 4857 1630 4921 dea
1652 4857 1843 4940 eleemolipea

303 4962 495 5026 Solitiilbeiss
519 4962 674 5026 Heinrich
696 4985 737 5026 eu
760 4961 794 5025 F
793 4962 945 5043 raasson
967 4985 1007 5026 err
1031 4962 1300 5026 Soliieclsricliierri
1322 4966 1356 5027 ia
1378 4964 1449 5027 dem
1463 4963 1574 5028 Sireiie
1596 4964 1751 5027 awtsciiea
1773 4963 1843 5027 dem

302 5069 621 5153 Morienpredeasiifi
658 5091 700 5134 au
738 5069 853 5134 lidiae
891 5073 1050 5132 einerseiis
1089 5070 1155 5133 erud
1192 5069 1296 5132 Rata
1324 5068 1469 5134 Distriob
1506 5069 1646 5151 Keppier
1683 5070 1749 5133 aad
1786 5071 1843 5134 der

305 5175 473 5240 Gemeiude
487 5175 670 5240 Riidelbeiru
693 5177 910 5241 arderersez'ts.
950 5175 984 5238 F
985 5175 1145 5256 ranifoni,
1167 5176 1368 5241 reuellere
1390 5183 1443 5240 22.
1491 5155 1565 5260 (Xl.
1587 5175 1798 5260 kal.april.)¹

403 5317 501 5372 Gedu:
519 5319 609 5386 Banu,
628 5319 707 5373 Heus.
722 5319 796 5386 Uria,
816 5317 841 5385 I,
860 5321 922 5385 215,
950 5315 1046 5385 Seuer,
1065 5317 1091 5384 I,
1113 5322 1173 5371 705.

405 5407 499 5462 Vera:
516 5409 559 5474 13,
573 5408 639 5478 Rep.
655 5408 708 5462 Aa.
722 5409 776 5462 No.
790 5411 850 5473 427,
881 5407 986 5474 Scriba
1005 5407 1025 5459 I
1029 5406 1072 5472 W,
1093 5408 1146 5460 Νο.
1160 5411 1238 5461 3649.

241 5585 248 5614 ¹
271 5585 308 5638 In
334 5585 408 5638 daur
430 5585 560 5639 Urbunde
586 5585 741 5650 Gottsrieds
766 5603 817 5640 von
843 5585 989 5638 Brounecic
1043 5583 1137 5651 Frosz,
1157 5585 1230 5638 cives
1253 5583 1283 5636 in
1300 5583 1500 5636 Frankeniort“
1523 5585 1565 5637 uls
1582 5585 1691 5654 Zeuqen
1712 5590 1841 5656 pendani.

185 5675 211 5727 d.
225 5675 252 5727 d.
268 5677 337 5728 1295
356 5674 486 5728 Fedruur
503 5677 540 5729 20
564 5673 711 5742 (dominica
736 5679 801 5728 unte
828 5673 890 5727 lest.
911 5672 987 5726 kath.
1045 5674 1174 5741 (Reimer,
1194 5673 1220 5740 1,
1239 5677 1312 5738 545.)

184 5777 208 5815 s.
218 5761 309 5830 Petri)
323 5763 429 5816 werden
445 5763 594 5832 ,Henrious
607 5763 641 5816 de
652 5763 736 5830 Ruso,
752 5763 885 5817 Henricus
899 5763 989 5816 dietus

1681 5887 1733 5939 42·
