4400 6384
375 316 442 382 340
930 313 1000 368 1296
1018 311 1141 368 Februa:
1158 312 1194 367 25
1215 343 1246 352 -
1266 312 1336 369 1296
1354 311 1433 382 April
1451 313 1476 368 2.

375 501 467 582 689.
492 511 593 595 Papst
623 511 819 595 Bonifatius
844 511 944 578 vm.
969 513 1036 576 rtet
1066 512 1128 577 alle
1159 511 1359 591 Gristlicbem
1390 462 1502 577 melete
1531 512 1609 577 abac
1638 513 1803 577 &saedere
1831 511 2028 578 Erloubaiss

489 621 545 686 des
562 620 761 702 pdpstlt'oben
777 620 902 685 Stttlrles
926 640 969 684 oa
984 618 1086 684 Lateo
1102 618 1257 704 Adpobcn
1279 619 1391 704 irqend
1413 622 1498 684 einer
1514 618 1577 683 Art
1598 619 1710 686 rolrlen
1726 619 1800 684 oder
1815 621 2025 702 cersprcrbem

489 727 556 791 ond
586 727 646 792 olle
670 725 780 806 Laeca
805 726 916 791 welche
946 727 1048 792 sololte
1077 748 1138 790 oon
1166 727 1226 790 den
1254 724 1446 791 Geistlicben
1476 726 1645 811 rmloayen
1673 726 1748 790 oder
1769 727 1970 812 elapsaeque,
1995 732 2026 790 ir

489 833 550 898 dero
565 832 802 900 Kircbcnbarm.
842 833 934 914 Rota,
960 839 1047 898 1296
1070 832 1105 897 F
1103 834 1220 899 ebruor
1234 838 1278 897 25
1301 831 1372 916 (VI.
1394 831 1461 897 kal.
1478 839 1586 914 mart,
1604 852 1635 916 p.
1653 852 1683 899 a.
1701 833 1745 919 2).

596 992 696 1048 Goda:
712 993 757 1061 B.,
770 995 825 1048 298
841 993 912 1047 narb
925 992 984 1046 dero
1002 991 1047 1048 Or.
1061 993 1149 1063 Ppmt.
1164 991 1216 1059 (St.
1226 993 1262 1046 A.
1274 992 1325 1046 Fr.
1338 991 1438 1047 Bartlr.
1450 991 1489 1047 St.
1504 993 1556 1048 No.
1571 997 1645 1061 tro)
1657 993 1707 1047 mit
1719 992 1800 1048 aaut
1811 1010 1851 1048 aa
1861 995 2028 1066 roth-yelber

643 1082 750 1136 chlcn.
778 1081 844 1147 Aes
853 1081 912 1136 dem
924 1071 1019 1150 Rape.-
1040 1081 1109 1152 „Pro
1122 1080 1256 1152 magistro
1269 1081 1303 1135 H.
1317 1081 1384 1136 Pad.
1398 1123 1404 1136 .
1418 1121 1425 1135 .
1438 1125 1444 1138 .
1459 1083 1491 1148 .“‚
1511 1081 1568 1147 aas
1575 1082 1624 1136 der
1635 1082 1780 1137 Rrickoeitc
1791 1084 1875 1136 oben:
1897 1083 2028 1151 ,Henna

641 1171 675 1224 de
694 1170 899 1238 Aquamnnda‘.
937 1171 993 1226 Die
1016 1173 1132 1243 atriqra
1157 1176 1277 1226 emerat
1297 1171 1468 1226 rotdreicbea
1487 1172 1598 1226 Drurlce
1614 1188 1676 1226 vert
1692 1191 1701 1224 :
1719 1173 1846 1227 Pottboet
1865 1173 1918 1228 No.
1930 1177 2027 1228 24291.

642 1259 715 1314 Hier
732 1260 806 1315 nictit
824 1260 987 1328 wiederbolt,
1005 1261 1066 1316 weil
1084 1261 1259 1330 otlperreiaer
1276 1261 1394 1316 Iobolta

374 1582 466 1662 libb.
489 1591 628 1660 Konrod
657 1593 841 1675 Bornflrrk,
873 1591 1011 1676 bedreiy
1041 1591 1108 1655 arrd
1137 1590 1301 1682 Joliortnes
1331 1611 1391 1654 roo
1420 1590 1636 1670 Holrbousen,
1666 1589 1805 1656 Konrod
1834 1592 1935 1657 ll'riss
1965 1594 2030 1656 arrd

491 1703 591 1786 Wipel
618 1700 652 1765 F
651 1702 743 1768 roscit
772 1700 945 1782 rerkoufra
973 1699 1043 1762 dem
1066 1697 1198 1764 Kloster
1223 1698 1331 1762 Tieron
1359 1695 1424 1770 3¹12
1449 1696 1563 1778 Hersen
1591 1701 1626 1761 r'rt
1654 1699 1711 1761 der
1735 1697 1941 1783 Grrnorlrmp
1972 1723 2030 1764 roo

492 1807 765 1892 llos-Erlcnboob.
814 1813 901 1872 1296
924 1806 1023 1871 Mitre
1046 1812 1075 1870 1.

481 1969 549 2035 Nos
574 1969 745 2034 Cunradus
769 1966 876 2032 dictus
900 1965 1126 2047 Burneflecke‚
1151 1964 1347 2031 Ludewieus
1371 1971 1405 2031 et
1427 1965 1598 2030 lohannes
1622 1962 1747 2030 iratres
1770 1967 1811 2030 de
1829 1966 2028 2049 Holzbnsen,

376 2077 548 2143 Cunradus
567 2071 591 2148 ll
608 2074 724 2154 Albus,
755 2091 882 2139 necnon
902 2071 1030 2155 Wigelo
1061 2073 1168 2153 Rana,
1201 2071 1290 2140 cives
1320 2072 1668 2154 Frankenvordenses,
1700 2079 1853 2138 constare
1882 2073 2030 2155 cupimus

374 2182 537 2250 universis
552 2183 613 2247 has
628 2179 751 2246 litteras
766 2177 791 2253 ll
805 2178 935 2260 visuris,
952 2180 1037 2260 quod
1050 2198 1110 2244 nos
1123 2181 1300 2245 accedente
1312 2179 1463 2247 benivolo
1476 2198 1636 2245 consensu
1650 2232 1657 2244 .
1673 2231 1679 2244 .
1693 2199 1831 2245 uxorum
1842 2187 2030 2247 nostrarum

375 2289 604 2373 legitimarum,
628 2287 783 2356 videlicet
799 2283 998 2369 Hedewigis
1015 2283 1038 2359 ll
1053 2286 1166 2368 Grete,
1190 2284 1373 2367 Katherine
1390 2293 1424 2352 et
1439 2288 1533 2368 Cosa,
1560 2306 1697 2368 quarum
1713 2306 1894 2353 consensus
1911 2291 1954 2354 ad
1971 2288 2029 2354 hoo

375 2395 440 2463 iuit
469 2393 691 2476 necessarius,
722 2393 927 2463 vendidimus
959 2392 1023 2459 rite
1054 2399 1088 2458 et
1117 2392 1360 2459 rationabiliter
1390 2393 1476 2460 iusto
1507 2393 1712 2462 vendicionis
1741 2394 1838 2460 titulo
1869 2395 2029 2479 religiosis

376 2502 568 2570 dominabus
593 2553 626 2566 ..
651 2499 819 2568 abbatisse
850 2507 883 2566 et
908 2553 939 2565 ..
965 2499 1142 2567 conventui
1171 2499 1468 2566 sanctimonialium
1498 2500 1627 2567 cenobii
1656 2502 1696 2568 de
1726 2502 1876 2582 Throno‚
1909 2502 2029 2568 ordinis

376 2612 615 2693 Cystcroieasis
640 2614 709 2673 tres
739 2626 870 2674 mansos
900 2614 935 2672 et
963 2606 1131 2672 dimidium
1155 2627 1303 2673 mansum
1326 2608 1360 2673 in
1383 2607 1531 2673 terminis
1555 2607 1632 2675 ville
1655 2606 1915 2674 Hoiinerlebaeb
1940 2610 2027 2690 sitos,

376 2735 450 2782 cum
473 2714 560 2780 omni
581 2713 662 2796 iure,
686 2733 750 2794 quo
773 2712 862 2795 ipsos
886 2732 1017 2779 mansos
1040 2712 1246 2794 possedimus
1262 2721 1296 2779 et
1312 2717 1474 2795 quondam
1491 2715 1599 2798 Gyplo
1616 2718 1656 2780 de
1672 2716 1861 2782 Holzbnsen
1877 2717 2027 2782 scabinus

376 2819 707 2888 Frankenvordensis
739 2819 895 2902 possedit,
921 2829 1079 2903 perpetuo
1111 2820 1334 2902 possidendos,
1359 2821 1420 2886 hoc
1450 2840 1530 2886 sane
1553 2821 1676 2901 addito,
1701 2823 1787 2902 quod
1811 2821 1930 2887 sliam
1955 2821 2027 2887 dieti

376 2927 483 2995 mensi
513 2930 555 2994 ad
586 2926 774 3009 ampliorem
798 2926 986 3008 pensionem
1009 2926 1079 2994 sive
1103 2946 1245 3008 censum,
1271 2946 1365 3007 qoem
1388 2926 1441 2994 vel
1465 2946 1561 3008 qnam
1585 2927 1683 2992 dietis
1700 2980 1706 2991 .
1726 2979 1733 2991 .
1752 2928 1923 2994 abbatisse
1947 2936 1979 2994 et
1995 2981 2024 2993 ..

376 3033 552 3101 conventui
574 3032 813 3101 nominavimus
836 3035 876 3100 de
899 3032 982 3116 ipsis
1005 3034 1128 3100 mansis
1151 3030 1345 3114 taciendam,
1370 3033 1432 3099 boc
1455 3053 1514 3100 nos
1538 3034 1690 3115 supplere
1715 3033 1897 3117 continget,
1922 3038 1978 3100 sed
1999 3034 2026 3099 si

375 3140 481 3208 minus
505 3140 597 3223 ipsas
615 3191 621 3204 .
641 3191 647 3206 .
666 3138 867 3206 abbatissam
885 3147 942 3204 et.
963 3191 968 3205 .
987 3148 1183 3208 conventum
1207 3160 1228 3206 a
1250 3139 1347 3206 dictis
1369 3139 1492 3206 mansis
1513 3143 1593 3206 dare
1609 3147 1643 3206 et
1659 3140 1828 3225 porrigere
1845 3141 2024 3225 contigerit,

375 3249 436 3314 hoc
460 3245 555 3313 nobis
578 3243 753 3312 refundere
775 3245 809 3312 in
832 3253 1019 3313 restaurum
1043 3248 1258 3328 tenebuntur3
1294 3245 1503 3330 resignantes
1526 3253 1561 3312 et
1585 3247 1821 3314 renunciantes
1842 3249 1929 3315 omni
1954 3248 2025 3328 iuri,

377 3357 462 3436 quod
492 3352 586 3420 nobis
617 3352 652 3419 in
682 3352 842 3435 predictis
873 3352 995 3420 mansis
1026 3355 1234 3436 competebat
1268 3373 1326 3419 seu
1357 3361 1541 3436 competere
1571 3354 1762 3435 videbatur3
1803 3354 2027 3436 promittentes

376 3459 604 3527 nichilominus
636 3457 930 3541 prenominatis..
956 3459 1126 3526 abbatisse
1158 3467 1192 3526 et
1216 3512 1248 3525 ..
1273 3461 1450 3527 conventui
1483 3463 1524 3526 de
1557 3460 1733 3542 sepedictis
1764 3461 1889 3527 mansis
1921 3459 2026 3527 iacere

376 3565 580 3634 warandiam
604 3564 735 3646 iustam,
760 3565 905 3631 debitam
923 3572 955 3632 et
972 3573 1162 3633 consuetam
1178 3574 1212 3633 et
1227 3587 1327 3650 super
1342 3567 1417 3649 ipsa
1432 3566 1605 3635 vvarandia
1620 3568 1794 3650 prelibatis
1812 3621 1818 3632 .
1839 3621 1845 3632 .
1864 3568 2026 3634 abbatisse

377 3680 410 3740 et
435 3725 466 3738 ..
491 3669 668 3740 conventui
697 3669 852 3738 iacienda
877 3672 1093 3738 Wernherum
1121 3673 1252 3740 Valken
1282 3681 1316 3740 et
1346 3674 1573 3757 Ruthegerum
1604 3676 1645 3740 de
1674 3674 1864 3741 Holzbnsen
1901 3683 2028 3740 nostros

377 3779 605 3847 constituimus
634 3777 852 3845 fideiussores.
900 3779 1017 3846 Testes
1047 3778 1144 3846 liuius
1173 3787 1340 3847 tractatus
1371 3788 1464 3847 sunt:
1482 3781 1646 3847 Volradus
1677 3781 1838 3847 scultetus
1865 3782 2028 3848 Frankea-

376 3888 549 3966 verdensis,
574 3885 739 3951 Arnoldns
763 3886 803 3951 de
820 3885 1001 3969 Glouburg‚
1026 3885 1216 3953 Hertwicus
1232 3889 1272 3953 de
1288 3887 1369 3954 Alta
1384 3891 1489 3970 domo,
1515 3889 1687 3954 cunradus
1703 3890 1742 3953 de
1759 3887 1866 3971 Spina,
1892 3885 2028 3954 Siiridus

377 3995 417 4059 de
450 3991 664 4076 Gysenheim,
698 3989 839 4074 scabini;
873 3988 980 4058 irater
1004 3993 1207 4059 Wernherus
1240 3997 1280 4059 de
1312 3996 1515 4078 Arnesburg,
1549 3993 1771 4060 Theodericus
1803 3994 1959 4076 notarius,
1992 4001 2029 4059 et

377 4099 586 4182 quamplures
610 4097 668 4164 alii
690 4097 856 4182 fidedigni.
904 4099 944 4163 In
968 4098 1059 4164 cuius
1083 4099 1132 4165 rei
1155 4099 1381 4167 testimonium
1404 4121 1463 4166 nos
1481 4153 1487 4166 .
1507 4154 1512 4166 .
1531 4099 1621 4168 cives
1645 4100 1828 4183 supradicti
1843 4100 2029 4167 memoratis

379 4257 385 4271 .
406 4259 411 4271 .
430 4204 599 4272 abbatisse
623 4211 680 4270 et.
701 4257 706 4270 .
725 4203 902 4272 conventui
925 4205 1084 4272 tradimus
1103 4207 1165 4273 has
1179 4207 1312 4273 litteras
1329 4207 1438 4290 sigillo
1453 4206 1684 4276 universitatis
1700 4205 2030 4274 Frankenvordensis

377 4311 601 4378 communitas.
655 4313 775 4377 Actum
804 4318 838 4377 et
868 4314 980 4378 datum
1012 4333 1097 4379 anno
1128 4313 1250 4380 domini
1278 4315 1319 4379 rii.
1342 4308 1384 4381 cb.
1413 4313 1624 4398 nonagesimo
1654 4321 1765 4396 sexto,
1802 4312 1889 4381 feria
1916 4312 2031 4394 quinta

378 4425 455 4484 ante
479 4417 672 4485 dominicam
695 4418 826 4484 Letare.

593 4577 639 4634 er.
653 4578 740 4650 rana
753 4578 803 4632 mit
819 4579 1022 4648 ascenaentem
1037 4578 1186 4650 staterae.
1215 4579 1459 4646 nataafaartfe:
1481 4579 1537 4646 „na
1549 4540 1621 4634 ndi.
1634 4581 1737 4634 manaa
1749 4580 1779 4633 n
1792 4576 2031 4635 novnenawna

646 4665 723 4722 Cella
741 4667 1038 4723 Frankenvordensie'.
1076 4669 1116 4724 St.
1131 4671 1165 4723 A.
1179 4669 1348 4724 ll'icobadra.

591 4757 705 4826 Repeti:
722 4756 818 4826 Saue,
838 4757 863 4826 I,
884 4759 942 4812 713.

378 5077 470 5155 691.
492 5086 556 5152 Dic
578 5087 681 5152 Rittor
703 5087 897 5153 Seboltlteiss
913 5087 1035 5154 Volrod
1057 5089 1124 5153 aad
1139 5085 1278 5154 Koarod
1293 5089 1426 5155 Sebroob
1449 5089 1506 5154 der
1521 5089 1594 5154 Alto
1616 5087 1785 5174 (antiquus
1805 5087 1939 5172 Suevos)
1960 5085 2036 5150 read

492 5195 543 5260 die
567 5193 784 5276 Fraabsttrtcr
813 5195 944 5278 Biirycr
967 5195 1129 5260 Hertwt'ch
1156 5218 1227 5261 rom
1249 5197 1454 5276 Holttrthotm,
1485 5195 1647 5280 Sirqfricd
1673 5217 1734 5260 ron
1759 5195 1933 5261 Gismbeim
1959 5194 2036 5258 arrad

495 5301 623 5368 ll'erncr
639 5300 742 5366 Falto
765 5301 959 5366 erttscltriden
975 5305 1063 5366 eirea
1078 5305 1173 5368 Strrit
1191 5303 1346 5368 teutschen
1361 5304 1431 5367 dem
1446 5301 1578 5366 Klostrr
1593 5303 1767 5388 Arnsdurp
1782 5303 1850 5367 tend
1863 5300 2036 5367 Hrlderrror

493 5428 553 5472 ooo
575 5406 765 5472 Ecleabeim
787 5409 863 5473 iiber
888 5411 921 5472 ia
943 5408 1133 5473 Ecbatlteim
1155 5410 1297 5494 ardeperto
1314 5409 1505 5494 Poelrtpr'der
1527 5409 1582 5474 des
1597 5407 1756 5474 Klostcrs.
1794 5411 1879 5478 Olane
1894 5407 2036 5490 meyer.

493 5513 543 5576 Es
572 5514 680 5598 sirprlt
709 5515 759 5579 die
788 5515 881 5581 State
909 5514 944 5578 F
943 5515 1104 5596 ronlfrtrt.
1155 5521 1242 5581 1296
1264 5517 1361 5598 April
1383 5521 1408 5580 2
1428 5512 1528 5602 (feria
1557 5519 1587 5581 2.
1620 5535 1711 5598 prox.
1734 5522 1811 5598 post
1840 5511 2038 5580 donnicam

495 5619 598 5704 Quasi
619 5622 714 5686 modo
738 5621 864 5707 geniti).
1412 5608 1415 5613 ⁵

593 5761 692 5815 (ledat
710 5761 828 5831 Reimer,
845 5761 872 5831 I,
891 5765 943 5817 551
962 5763 1032 5816 aucit
1050 5763 1110 5816 dan
1131 5761 1177 5819 Or.
1190 5764 1278 5834 ΡΜ.
1291 5763 1323 5818 ia
1342 5762 1416 5819 Lr'cb
1452 5764 1885 5836 Amysrlmb.Urkb.,190.
