4400 6384
923 325 991 381 raro
1012 326 1070 381 run
1090 328 1133 380 ar.
1789 330 1854 396 185

302 527 341 590 In
364 524 493 591 nomine
517 523 647 605 domini,
673 542 776 589 amen.
831 522 1006 589 Heinricos
1030 523 1192 590 scultetus
1215 521 1362 590 civitatis
1385 524 1419 589 in
1439 524 1683 599 Frankcnvort,
1708 522 1855 591 universi

193 630 322 698 scabini
350 630 479 710 ibidem,
512 628 660 695 omnibus
684 648 820 711 presens
844 628 1002 711 scriptum
1026 629 1157 711 visuris,
1178 628 1202 701 ll
1221 630 1360 696 salutem
1384 630 1418 696 in
1441 648 1490 711 eo,
1520 630 1576 711 qui
1599 630 1758 697 neminem
1780 629 1853 696 vult

194 738 312 821 perire.
352 738 431 803 Cum
456 756 504 818 ea,
531 754 592 817 qua
616 740 776 819 geruntur
799 735 833 800 in
858 742 1012 817 ternpore,
1039 734 1134 802 simul
1157 742 1191 802 et
1214 736 1371 802 labantur
1394 755 1467 802 cum
1483 743 1639 819 tempore,
1665 736 1799 821 dignum
1813 755 1853 802 ac

194 864 329 911 necesse
360 850 411 910 est
442 841 635 925 scripllturc
666 842 811 907 subsidio
842 843 993 909 nebulam
1024 842 1198 911 oblivionis
1229 843 1432 925 propulsare.
1480 843 1562 909 Inde
1585 850 1646 925 est,
1672 846 1758 926 quod
1781 842 1853 909 uni·

192 950 300 1018 versis
324 958 391 1016 tam
415 950 624 1032 presentibus
648 968 745 1030 quam
768 947 890 1015 futuris
915 950 1064 1015 duximus
1082 950 1316 1015 declarandum
1332 949 1356 1021 ll
1371 969 1428 1031 pro
1446 949 1611 1017 discordia
1626 950 1713 1017 inber
1729 948 1853 1017 iratres

193 1060 307 1123 domus
331 1057 527 1122 Theutouicc
555 1056 589 1121 in
614 1056 840 1121 Sassenhuscn
872 1075 912 1121 cx
941 1076 1008 1121 una
1038 1062 1144 1137 parte,
1169 1063 1204 1121 et
1219 1054 1484 1141 Wallramumd)
1513 1063 1661 1123 nostrum
1685 1057 1850 1125 concivem

194 1185 235 1230 ex
259 1165 366 1231 altera
390 1164 579 1245 decidenda,
605 1163 704 1228 talem
729 1182 770 1228 ex
787 1182 947 1228 consensu
964 1163 1109 1245 parcium
1127 1161 1264 1228 lecimus
1281 1163 1556 1246 compositionem,
1582 1168 1668 1246 quod
1684 1163 1852 1247 predictus

193 1271 406 1353 liulfi-omas,
425 1273 602 1337 accedente
627 1288 788 1335 consensu
810 1268 923 1335 uxoris
939 1288 996 1335 sue
1017 1268 1209 1351 Gerdrudis,
1227 1268 1336 1335 omnia
1352 1272 1439 1337 bona
1454 1270 1622 1337 inmobilia
1638 1270 1708 1337 sive
1724 1289 1853 1352 posses-

193 1377 303 1443 siones
333 1396 543 1459 quascunque
567 1376 668 1442 libere
699 1375 733 1442 in
764 1383 971 1442 aucmentum
1001 1383 1115 1442 eterne
1139 1375 1267 1456 salutis,
1292 1383 1467 1459 postquam
1499 1376 1642 1442 debitum
1672 1375 1850 1443 exsolverit

193 1484 355 1563 naturale,
381 1483 521 1550 contulit
549 1489 707 1565 perpetuo
732 1482 940 1564 possidenda,
964 1482 1124 1549 medietas
1147 1484 1307 1549 bonorum
1330 1481 1505 1565 mobilium,
1531 1482 1560 1548 si
1583 1484 1653 1549 sine
1677 1482 1852 1577 heredibus

194 1611 234 1655 ex
257 1598 352 1656 utero
376 1590 523 1672 predicte
548 1592 587 1657 G.
610 1588 833 1673 propagandis
858 1588 1046 1669 decesserit,
1072 1588 1222 1655 similiter
1245 1588 1468 1671 applicabitur
1491 1588 1600 1655 domui
1623 1588 1799 1670 antedicte,
1825 1588 1853 1654 si

194 1718 272 1763 vcro
305 1698 444 1763 heredes
474 1703 550 1779 post
581 1716 615 1762 se
646 1716 686 1762 ex
717 1695 867 1779 predicta
898 1716 999 1763 uxore
1031 1695 1211 1778 reliquerit,
1237 1696 1344 1761 omnia
1374 1697 1462 1762 bona
1490 1694 1623 1762 mobilia
1646 1694 1851 1761 adherebunt

193 1805 325 1870 eisdem.
380 1802 431 1869 De
455 1802 604 1885 predicta
626 1802 805 1869 donacione
828 1802 868 1867 X.
889 1802 1010 1868 octalia
1033 1802 1172 1886 siliginis
1189 1823 1209 1868 a
1225 1800 1386 1868 iratribus
1403 1802 1540 1886 singulis
1557 1802 1652 1868 annis
1666 1802 1848 1884 Wulsrorao

193 1910 267 1976 dari
291 1911 421 1990 debent,
446 1910 534 1975 nullo
558 1908 780 1989 inpedimento
805 1908 968 1975 obviante.
1009 1910 1188 1990 Postquam
1211 1909 1307 1975 huius
1331 1909 1398 1975 vite
1419 1929 1550 1976 cursum
1566 1908 1851 1990 consummaverit,

193 2015 319 2082 iratres
342 2037 362 2082 a
386 2016 447 2082 tali
471 2016 626 2099 pensione
650 2016 888 2096 liberabuntur,
914 2022 947 2081 et
972 2016 1041 2081 eius
1056 2015 1152 2081 uxori
1168 2017 1208 2083 G.
1227 2016 1294 2081 tria
1310 2016 1432 2081 octalia
1448 2015 1587 2099 siliginis
1603 2021 1638 2080 et
1654 2014 1852 2080 locacioncm

193 2126 308 2189 domus
333 2144 392 2205 pro
417 2122 605 2190 donationis
623 2122 938 2204 recompensacione,
956 2121 1109 2203 quamdiu
1125 2122 1256 2203 vixerit,
1275 2123 1495 2204 promiserunt
1511 2122 1646 2205 elargiri
1661 2129 1695 2188 et
1711 2120 1853 2204 gloriose

193 2250 251 2295 eos
276 2230 364 2295 tradi
388 2230 611 2297 ecclesiastice
635 2229 811 2311 sepulture.
847 2229 987 2310 Insuper
1008 2228 1511 2313 pronominatusli)Woltivuuos
1527 2230 1628 2294 filium
1645 2226 1853 2312 peregrinum

193 2336 322 2403 nomine
339 2337 489 2403 similiter
497 2336 713 2420 Wolfruunou
731 2337 852 2401 babere
870 2334 999 2407 dicitur,
1022 2334 1122 2415 quisi
1139 2336 1377 2417 supervenerit,
1399 2336 1507 2401 omnia
1527 2335 1677 2417 predicta
1696 2336 1853 2401 bonorum

195 2443 339 2523 donatio,
366 2463 476 2509 annua
507 2442 630 2525 pensio,
656 2444 769 2507 domus
796 2441 926 2522 locatio,
952 2438 1170 2508 frustrabitur
1194 2442 1325 2525 penitus
1349 2449 1383 2507 et
1406 2442 1568 2508 irritatur.
1616 2443 1733 2507 'l'estes
1757 2440 1852 2506 buius

193 2557 287 2615 sunt:
318 2550 467 2616 dominns
482 2549 667 2631 Helorinus,
691 2548 794 2629 miles,
810 2548 895 2614 filius
912 2551 1075 2630 quondam
1092 2548 1213 2614 domini
1229 2548 1368 2630 Rirdolii,
1386 2550 1569 2633 Wigaadus
1585 2552 1625 2614 de
1641 2547 1851 2629 Hildeberge,

196 2657 380 2736 l'olmarus,
412 2655 583 2722 (unrocus
608 2655 766 2735 Webelin‚
801 2654 927 2720 scabini
951 2655 1306 2726 Frankenvordenses:
1351 2654 1529 2739 Wikgcrus
1562 2655 1653 2736 civis,
1689 2654 1786 2719 Hart.
1812 2655 1852 2718 de

194 2763 379 2844 Wllenstat,
413 2762 589 2845 degerus
620 2761 724 2843 faber,
757 2760 932 2827 Heinricus
963 2760 1108 2845 Pinguis,
1144 2762 1256 2828 Siboto
1288 2760 1395 2828 frater
1426 2781 1515 2842 suus,
1546 2759 1653 2827 irater
1677 2759 1853 2827 dewicus

195 2890 255 2952 pro
287 2877 434 2952 tempore
465 2867 725 2945 commendator,¹
749 2866 856 2934 irater
886 2867 1061 2935 (loti-rideas
1092 2871 1258 2949 sacerdos,
1289 2867 1397 2934 lrater
1419 2868 1628 2934 Hermannus
1659 2870 1699 2933 de
1722 2866 1850 2948 Rickel,

192 2974 301 3043 frater
331 2977 502 3043 Johannes
533 2976 640 3042 dictus
664 2977 757 3057 Spor,
787 2975 893 3041 irater
909 2975 1110 3041 wernherus
1140 2973 1245 3055 faber,
1277 2982 1310 3040 et
1342 2973 1398 3040 alii
1428 2974 1636 3055 quamplures
1664 2974 1726 3039 fide
1752 2972 1850 3058 digni.

194 3084 243 3149 Ut
267 3090 376 3149 autem
399 3084 460 3149 hec
483 3089 560 3149 rata
584 3090 617 3148 et
640 3082 858 3149 inconvulsa⁸
883 3088 1106 3164 permaneant,
1125 3089 1309 3164 presentem
1326 3080 1464 3146 litteram
1480 3080 1655 3146 munimine
1672 3079 1851 3163 sigillorum

193 3189 343 3257 civitatis
369 3190 403 3256 in
427 3190 668 3271 Frankenvorl,
694 3209 753 3255 nec
777 3208 842 3255 non
865 3191 979 3254 domus
1003 3188 1198 3254 Theutoaice
1221 3187 1370 3253 duximus
1394 3189 1622 3253 roborandam.
1672 3187 1795 3252 Datum
1818 3192 1853 3251 et

192 3304 304 3363 actum
335 3316 420 3364 anno
444 3296 565 3363 domini
588 3295 756 3362 millesimo
781 3315 826 3361 cc.
849 3274 946 3360 lxii.
969 3294 1117 3376 septimo,
1149 3294 1251 3360 tercio
1275 3313 1380 3360 nonas
1402 3293 1492 3374 iunii,
1521 3292 1699 3359 indictione
1724 3292 1850 3373 quinta,

193 3405 237 3470 ab
260 3403 493 3470 incarnacione
518 3402 638 3470 domini
661 3402 768 3469 nostri
790 3403 871 3469 Jesu
896 3401 1028 3467 Christi.

410 3544 455 3599 Or.
470 3545 557 3615 Ppmt.
596 3544 767 3615 Abbouqead
792 3549 820 3607 1)
840 3544 1002 3614 Studtaicqel
1020 3546 1072 3611 (2),
1096 3546 1128 3610 2)
1149 3542 1236 3614 Siaqcl
1260 3543 1307 3597 dac
1325 3542 1648 3596 Deutccbordeasbuusac.
1694 3540 1733 3595 St.
1751 3541 1785 3595 A.
1799 3541 1851 3596 Fr.

409 3633 702 3689 baudarum-Ura.
716 3633 769 3688 No.
785 3637 826 3688 19.

410 3723 509 3779 blada:
527 3723 571 3791 B,
591 3728 642 3776 181
660 3724 731 3777 nocb
749 3723 808 3776 don
829 3723 875 3777 Or.
896 3764 901 3775 .
939 3724 1067 3793 Aucaup:
1088 3722 1214 3790 Thomas,
1235 3721 1361 3790 Obcrbof,
1380 3723 1434 3775 439
1450 3720 1510 3775 aad
1528 3720 1570 3775 boi
1584 3719 1790 3789 Niedcunoycr,
1807 3722 1852 3785 29,

462 3811 535 3882 irriq
552 3828 588 3865 ru
607 3814 686 3864 1278.

191 4107 286 4184 383.
311 4116 422 4200 Kana
453 4115 579 4196 Rudols
607 4116 789 4200 beorrftruqt
819 4114 879 4178 deu
909 4112 1128 4195 Frnalcfurter
1157 4114 1389 4178 Sclrultbeisseu
1419 4113 1583 4191 Heinrich,
1614 4133 1657 4177 aa
1687 4112 1853 4177 Rcinburd

311 4246 370 4289 oron
394 4222 517 4288 Hauon
541 4228 583 4287 10
607 4222 706 4287 Marlr
724 4222 900 4303 jdhrlichcr
923 4220 1100 4302 Eialdnt'tc
1124 4221 1173 4285 uls
1198 4220 1413 4285 Rddclltec'mer
1437 4220 1621 4304 Bri-rqlehen
1643 4222 1851 4285 oaetrrocisca.

313 4331 411 4408 Wieu,
438 4334 528 4395 1277
548 4329 621 4395 eri
642 4334 696 4393 24.

302 4470 465 4537 Rudolius
489 4470 541 4537 dei
560 4470 675 4553 gracia
690 4472 912 4537 Romanorum
928 4490 996 4549 rex,
1018 4488 1146 4550 semper
1162 4475 1332 4551 augustus.
1373 4468 1502 4535 Dilecto
1518 4466 1606 4533 lideli
1621 4486 1680 4533 suo
1695 4466 1852 4533 Heinrico

192 4580 357 4645 sculthcto
381 4575 709 4657 deVrankenllvurt,
734 4576 880 4660 graciam
905 4595 997 4643 suam
1021 4581 1054 4641 et
1078 4594 1172 4641 omne
1195 4576 1323 4641 bonum.
1365 4576 1443 4640 Cum
1467 4594 1528 4639 nos
1546 4572 1647 4639 nobili
1662 4572 1734 4639 viro
1750 4572 1851 4639 Rcin—

192 4688 299 4751 bardo
324 4690 363 4751 de
387 4686 604 4769 Hagenogya,
631 4684 686 4765 qui
716 4682 828 4764 utique
857 4689 977 4748 cuncta
1000 4687 1116 4747 nostra
1135 4680 1210 4753 liet
1232 4681 1361 4763 imperii
1383 4680 1521 4764 negocia
1545 4680 1719 4760 omniqua
1742 4686 1853 4761 potest

193 4790 425 4859 sollicitudinis
450 4811 552 4873 opera
575 4790 701 4857 utiliter
725 4790 878 4873 prosequi
902 4808 965 4855 non
990 4788 1131 4870 desistit,
1158 4796 1286 4854 centum
1310 4807 1440 4854 marcas
1464 4807 1523 4869 pro
1540 4785 1703 4853 castrensi
1718 4784 1742 4858 ll
1755 4784 1852 4852 feodo

192 4900 229 4965 in
262 4905 373 4965 castro
405 4905 518 4965 nostro
542 4897 754 4964 Redelnheim
785 4896 999 4964 deserviendo
1028 4898 1070 4962 ad
1095 4902 1184 4961 tuam
1208 4902 1240 4961 et
1266 4895 1403 4961 aliorum
1426 4894 1643 4960 castrensium
1667 4899 1852 4959 nostrorum

193 5005 394 5073 instanciam
419 5005 624 5086 promisimus
648 5024 709 5071 nos
733 5007 879 5085 daturos,
905 5002 1057 5069 fidelitati
1081 5008 1137 5068 tue
1161 5001 1390 5068 committimus
1414 5008 1448 5066 et
1464 5003 1665 5081 mandamus
1690 5004 1853 5081 quatenus

194 5112 301 5180 eidem
325 5111 515 5178 Reinhardo
546 5111 580 5177 in
611 5111 712 5178 officio
744 5110 806 5176 tibi
836 5108 1006 5176 commisso
1037 5112 1148 5175 decem
1178 5128 1362 5174 marcarum
1393 5107 1541 5174 redditus
1572 5106 1644 5174 vice
1668 5113 1701 5172 et
1724 5105 1853 5172 nomine

193 5226 310 5287 nostro
339 5219 462 5285 tamdiu
486 5218 714 5301 percipiendos
738 5216 866 5283 tribuas
890 5224 924 5282 et
947 5216 1106 5299 assignes
1132 5235 1299 5298 quousque
1323 5214 1386 5281 sibi
1409 5214 1464 5282 vel
1485 5212 1641 5297 legitimis
1664 5212 1732 5279 suis
1756 5213 1850 5278 herc·

193 5326 292 5392 dibus
316 5324 445 5407 prefate
470 5332 601 5391 centum
623 5344 733 5391 marce
758 5344 816 5407 per
840 5344 898 5390 nos
922 5324 975 5391 vel
998 5330 1130 5389 nostros
1150 5342 1357 5389 successores
1373 5319 1519 5403 plenarie
1535 5318 1660 5385 fuerint
1675 5318 1850 5402 persoluto.

463 5523 487 5571 a)
504 5518 544 5561 Or.
556 5516 725 5570 ,inconstans

253 5682 409 5735 'Deradbc
436 5681 507 5735 icird
534 5683 576 5735 olo
603 5682 741 5736 Koaaibur
769 5682 899 5748 crwdlial,
929 5684 1000 5734 1277

192 5770 256 5826 Julc'
273 5773 308 5825 12
320 5768 379 5837 (IV.
393 5769 429 5824 id.
443 5768 530 5838 ialin:
550 5769 670 5836 Hennes,
684 5770 710 5838 I,
723 5774 786 5839 223,
814 5770 904 5837 Bour,
917 5770 943 5838 I,
956 5773 998 5824 52.

252 5900 419 5946 ΒηηΗιιηοτ
434 5901 630 5947 Urknndenbuclr
644 5904 661 5944 1.
