4400 6384
377 306 442 369 248
972 303 1040 355 reso
1061 302 1116 357 nar
1135 304 1170 355 ao
1190 334 1220 342 -
1244 304 1313 356 reso
1331 270 1388 358 rin
1407 305 1431 358 e.

377 499 454 581 quia
477 501 656 581 lohannes,
689 498 795 566 irater
819 507 940 580 noster,
973 500 1039 566 ista
1062 500 1134 567 vice
1158 508 1297 566 nonest
1321 520 1466 582 presens,
1492 501 1620 565 adhoc
1643 519 1703 565 nos
1727 499 1918 582 obligamus,
1942 503 2028 580 quod

375 606 446 689 ipse
470 606 653 673 huiusmodi
676 606 898 673 vendicionem
923 606 1091 673 nobiscum
1115 607 1250 674 habebit
1273 613 1404 691 gratam
1428 614 1527 688 atque
1550 614 1667 673 ratam.
1716 607 1834 672 Testes
1861 606 1957 671 huius
1980 606 2028 671 rei

376 720 453 778 sunt
477 712 540 780 viri
563 712 708 779 bonesti:
734 712 909 780 Heinricus
940 716 979 781 de
1004 713 1194 796 Meilsbeim,
1227 714 1397 781 Ditmarus
1421 713 1581 796 plebanus
1604 716 1644 779 de
1667 715 1912 794 Frankenvort,
1943 715 2027 777 Her—

376 840 514 885 mannus
547 820 653 885 dictus
686 820 843 900 Bichelin,
878 822 996 887 Petrus
1026 825 1066 887 de
1096 821 1301 902 Eschebach,
1332 820 1523 887 Hartwicus
1554 822 1594 885 de
1617 820 1703 901 Vite,
1736 820 1825 887 cives
1856 821 2028 886 Franken-

375 930 563 1009 vordenses,
596 934 630 993 et
660 947 757 1009 quam
788 927 898 1010 plures
928 928 985 994 alii
1015 930 1076 995 fide
1109 928 1207 1012 digni.
1255 929 1295 994 In
1325 928 1418 995 cuius
1447 927 1496 993 rei
1526 927 1747 994 testimonium
1777 933 1810 993 et
1840 926 2027 992 firmitatem

376 1040 567 1115 perpetuam
592 1034 733 1119 sigillum
757 1034 903 1102 civitatis
920 1035 1251 1102 Frankenvordensis
1274 1037 1314 1101 ob
1331 1054 1463 1117 precum
1480 1041 1665 1101 nostrarum
1682 1033 1879 1100 instanciam
1896 1053 2029 1115 presen-

377 1140 464 1206 tibus
494 1141 615 1207 litteris
646 1147 697 1207 est
728 1161 916 1224 appensum.
972 1143 1094 1209 Datum
1127 1149 1160 1208 et
1191 1150 1302 1208 actum
1332 1162 1417 1208 anno
1449 1140 1570 1208 domini
1592 1143 1632 1207 rh.
1656 1136 1698 1207 dc.
1721 1120 1914 1222 lxxxii,
1943 1138 2028 1205 feria

376 1247 481 1313 tercia
504 1247 653 1329 proxima
677 1254 751 1329 post
775 1248 977 1330 dominicam,
1003 1269 1068 1331 qua
1092 1255 1249 1315 cantatur
1272 1248 1500 1315 Misericordia
1524 1248 1652 1314 domini.

592 1390 637 1445 Or.
653 1391 740 1459 Ppmt.
755 1392 802 1445 mit
821 1392 1023 1461 abbunpendcm
1043 1392 1204 1460 Studtsr'opel
1222 1395 1273 1457 (2),
1311 1390 1388 1445 Liuia

590 1480 688 1533 deur:
707 1480 751 1547 B,
768 1483 822 1534 225
840 1482 909 1534 noch
928 1481 987 1533 dem
1008 1482 1053 1536 Or.
1075 1522 1080 1533 .

594 1568 686 1622 Vera:
706 1568 810 1636 Scm'ba,
830 1570 874 1639 ΙΙ,
894 1570 946 1624 No.
961 1572 1021 1638 771,
1049 1570 1150 1625 Arneb.
1170 1569 1260 1638 t'rrb,
1278 1574 1340 1623 215.

375 1818 466 1893 515.
488 1828 648 1912 Sirpsricd
674 1852 731 1893 corr
756 1830 946 1909 Giscrtbcinr,
971 1834 1021 1895 cin
1044 1829 1263 1911 Franufeoar
1286 1830 1425 1915 Beirper,
1453 1830 1598 1911 uerlroufl
1620 1831 1689 1893 dem
1709 1828 1840 1893 Kloster
1856 1827 2028 1909 zirusburp

490 1938 556 1999 cirac
578 1936 670 2017 Hufc
693 1936 873 2001 Ar’lccrlmarl
897 1938 944 2001 bei
967 1936 1143 2002 Esrbborn.
1192 1943 1278 2002 1286
1301 1938 1376 2003 Μαί
1398 1946 1451 2002 20.

485 2075 625 2144 Silridus
659 2079 765 2145 dictus
798 2083 837 2145 de
871 2080 1071 2164 Gysinheim,
1107 2080 1188 2147 civis
1221 2078 1561 2147 Frankenvordensis.
1617 2076 1789 2145 Universis
1824 2075 2028 2159 presencium

374 2182 615 2265 inspectoribus
646 2186 740 2267 cupio
772 2207 843 2253 esse
874 2194 995 2269 notum,
1017 2186 1040 2259 i!
1058 2190 1144 2269 quod
1175 2208 1235 2271 ego
1268 2187 1347 2253 viris
1371 2186 1534 2270 religiosis
1558 2185 1686 2252 domino
1705 2238 1711 2249 .
1731 2237 1737 2250 .
1756 2183 1872 2250 abbati
1895 2188 1928 2248 et
1952 2202 2028 2247 ron-

375 2290 489 2356 ventui
503 2290 537 2356 in
550 2292 744 2377 Arnisburg,
763 2294 886 2360 ordinis
900 2294 1149 2378 cysterciensis,
1167 2293 1299 2361 vendidi
1311 2293 1397 2360 iuste
1413 2299 1447 2359 et
1465 2293 1488 2364 h
1507 2291 1754 2359 racionabiliter
1765 2311 1864 2356 unum
1879 2308 2027 2355 mansum

375 2403 463 2462 terre
494 2398 640 2481 arabilis,
673 2403 760 2482 apud
789 2400 901 2467 villam
924 2401 1160 2467 Escheburnen
1191 2401 1298 2481 situm,
1331 2398 1546 2483 proprietatis
1576 2398 1671 2465 titulo
1700 2404 1858 2480 perpetuo
1877 2396 1903 2469 ll
1924 2396 2028 2477 possi-

376 2506 524 2571 dendum.
562 2505 693 2572 Dictum
717 2527 843 2589 quoque
867 2528 1014 2573 mansum
1037 2508 1169 2591 resigno
1192 2514 1226 2572 et
1241 2507 1409 2591 resignavi
1425 2506 1552 2588 publice
1569 2524 1678 2571 coram
1696 2503 1840 2570 scabinis
1855 2504 2028 2568 Franken-

375 2612 599 2678 vordensihus.
632 2613 791 2682 Promitte
822 2613 924 2679 eciam
955 2614 1051 2680 dictis
1083 2614 1212 2680 domino
1231 2667 1237 2680 .
1258 2668 1263 2679 .
1282 2614 1396 2681 abbati
1426 2620 1461 2680 et
1491 2611 1667 2678 conventui
1688 2609 1809 2680 ‚lacere
1833 2612 1872 2675 de
1897 2608 2028 2692 prelato

376 2737 488 2784 manso
519 2720 722 2786 warandiam
752 2720 882 2801 iustam,
915 2721 1058 2787 debitam
1089 2727 1122 2787 et
1151 2728 1349 2787 consuetam.
1397 2721 1442 2785 Et
1466 2718 1693 2785 nichilominus
1716 2718 1797 2801 ipsis
1820 2716 2029 2783 fideiussores

376 2825 545 2908 constitui,
577 2828 730 2894 videlicet
758 2829 912 2895 honestos
943 2828 1048 2896 viros:
1082 2829 1266 2895 Conradum
1294 2827 1509 2907 chelinum,
1538 2826 1727 2891 Volmarum
1757 2822 1895 2890 tratrem
1923 2844 2027 2889 suum.

376 2934 561 2999 Conradum
586 2934 815 3002 Burnefleckin
839 2943 872 3001 et
895 2935 1100 3001 Hartwicum
1125 2938 1164 3000 de
1189 2934 1273 3016 l'ite,
1300 2934 1388 3001 cives
1412 2934 1759 3009 Frankcnvordenses,
1785 2930 1841 3012 qui
1863 2934 2031 3011 deponent

375 3046 409 3104 et
432 3042 595 3121 deponere
618 3041 837 3122 promiserunt
862 3061 955 3107 omne
979 3044 1146 3123 dapnum⁸
1167 3048 1199 3107 et
1220 3042 1493 3123 impedimentum,
1519 3038 1638 3121 siquid
1656 3037 2031 3120 aquocuaquehomine

375 3145 407 3210 in
432 3146 519 3213 dieto
544 3164 656 3213 manso
681 3148 897 3214 sustinuerint
920 3148 953 3214 in
978 3146 1134 3213 futurum.
1182 3150 1339 3214 Preterea
1363 3168 1422 3231 ego
1444 3144 1584 3212 Silridus
1608 3144 1791 3227 prelibatus
1815 3144 1970 3227 promitto
1996 3152 2029 3209 et

375 3252 509 3335 promisi
540 3254 688 3335 prefatos
719 3276 806 3321 meos
838 3256 1046 3322 fideiussores
1078 3257 1119 3321 ab
1148 3254 1331 3322 huiusmodi
1360 3252 1567 3319 fideiussione
1591 3255 1727 3318 reddere
1751 3252 1873 3317 liberos
1897 3251 2031 3333 penitus

375 3368 408 3425 et
423 3360 623 3442 indempnes.
660 3361 699 3427 ln
716 3362 807 3428 cuius
823 3362 871 3429 rei
888 3362 1108 3428 testimonium
1125 3370 1158 3428 et
1174 3362 1318 3428 debitam
1333 3360 1521 3427 firmitatem
1538 3359 1679 3442 sigillum
1695 3358 1843 3425 civitatis
1854 3359 2031 3425 Franken-

375 3468 546 3533 vordensis
580 3469 787 3551 presentibus
819 3469 940 3535 litteris
974 3477 1024 3535 est
1058 3488 1247 3551 appensum.
1296 3469 1414 3533 Actum
1448 3474 1482 3532 et
1511 3470 1624 3532 datum
1656 3486 1742 3531 anno
1775 3465 1897 3531 domini
1920 3466 1962 3530 rh.
1985 3462 2030 3531 ci.

374 3554 568 3655 rxixvl,
598 3575 694 3640 xur.
718 3577 878 3641 carenum
902 3576 992 3642 nnn.

589 3718 635 3772 Or.
650 3718 731 3788 Ppmt
750 3718 798 3771 ruit
816 3718 1026 3787 ublranpeudcm,
1048 3718 1234 3787 bcucluidipteu
1254 3716 1417 3785 Stodtsiepcl
1434 3718 1485 3782 (2).
1523 3716 1600 3771 Liclu

589 3806 687 3861 Gonia:
706 3808 749 3873 B,
767 3810 822 3861 225
840 3808 910 3861 arnob
929 3808 986 3861 deru
1010 3808 1055 3860 Or.
1076 3832 1108 3850 --
1129 3806 1226 3873 Suum,
1245 3806 1270 3874 1,
1290 3809 1350 3859 620.

592 3896 685 3950 Vera:
703 3895 809 3963 Scriba,
828 3895 871 3961 ΙΙ,
892 3895 943 3949 Νο.
962 3898 1019 3965 772,
1049 3896 1148 3949 Arnsb.
1167 3894 1256 3960 Ureu,
1275 3899 1336 3948 216.

374 4144 466 4221 516.
491 4156 640 4237 Wolfrru'a
673 4178 730 4221 corr
751 4157 887 4221 ll'etrlur
912 4158 977 4221 rrrrrl
1000 4156 1104 4237 Frrur,
1129 4156 1348 4238 Fruahfrotcr
1371 4157 1511 4239 Brirpcr,
1538 4155 1707 4235 cerloufen
1730 4158 1907 4237 paraturum
1931 4154 2037 4217 tlte:-

489 4264 573 4327 [ανον
597 4263 749 4347 Biirpcrn
772 4268 860 4328 einen
883 4264 1050 4329 Houseins
1073 4287 1114 4328 au
1137 4265 1281 4329 l‘Vctrlur.
1330 4270 1417 4328 12⁸6
1440 4263 1512 4327 Juu
1535 4268 1565 4326 3.

483 4404 679 4471 Woliwinus
703 4414 736 4471 et
760 4406 951 4487 Gerdrudis,
983 4426 1066 4472 uxor
1090 4406 1170 4487 eiua,
1195 4406 1274 4472 dicti
1298 4408 1336 4472 de
1361 4404 1541 4485 Wetflaria,
1567 4403 1656 4470 cives
1679 4403 2040 4471 Frankenvordenses.

373 4512 535 4579 universis
560 4513 757 4595 presentium
783 4512 1023 4596 inspectoribus
1048 4513 1196 4595 cupimus
1220 4534 1292 4579 esse
1312 4512 1336 4585 u
1354 4519 1474 4589 notum,
1495 4513 1578 4592 quod
1597 4530 1656 4576 nos
1673 4508 1914 4576 communicata
1929 4530 2040 4576 manu

374 4627 407 4684 et
424 4622 463 4684 de
480 4640 640 4685 consensu
654 4628 839 4685 nostrorum
856 4640 1029 4702 puerorum
1045 4620 1453 4699 vendidimus'll'ernbero,
1472 4618 1590 4698 Sanne,
1608 4616 1702 4682 uxori
1718 4615 1798 4697 eius,
1817 4636 1856 4681 ac
1872 4636 1990 4683 eorum
2014 4618 2041 4690 ,ll

374 4727 558 4808 heredibus,
585 4727 711 4794 civibus
731 4726 1023 4807 tvetflariensinus,
1051 4726 1206 4792 tredecim
1231 4726 1352 4792 solidos
1377 4724 1615 4792 (¹oloniensr'eou
1639 4722 1848 4789 denariorum
1870 4724 2045 4791 bonorum

374 4842 407 4900 et
430 4833 583 4918 legalium
607 4854 704 4915 super
725 4836 862 4913 domum,
889 4854 985 4914 quam
1002 4835 1210 4900 Hermannus
1227 4836 1266 4899 de
1284 4834 1427 4913 Olmene‚
1444 4833 1467 4903 u
1486 4830 1568 4897 civis
1581 4828 1830 4909 ll'ettlariensis,
1849 4828 2043 4900 hrhabitat.

373 4942 458 5007 iuste
484 4960 522 5006 ac
546 4940 790 5006 rationabiliter
813 4940 1026 5022 proprietatis
1051 4941 1148 5008 titulo
1173 4947 1330 5022 perpetuo
1356 4938 1580 5021 possidendos,
1605 4936 1710 5002 dictos
1726 4956 1854 5017 quoque
1870 4939 2045 5005 tredecim

374 5048 495 5114 solidos
527 5048 732 5131 resignamus
765 5055 799 5113 et
831 5046 1070 5130 resignavimus
1104 5047 1201 5113 dietis
1232 5048 1413 5112 Wernherc
1446 5064 1485 5111 ac
1516 5044 1586 5110 eius
1616 5042 1711 5108 uxori
1742 5062 1854 5108 coram
1883 5045 2047 5111 scabinis

373 5154 748 5220 Frankenvordensibus
779 5154 917 5236 publice,
950 5154 1182 5220 renunciantes
1214 5153 1317 5219 eciam
1349 5173 1416 5218 una
1446 5170 1516 5219 crnn
1548 5149 1671 5215 nostris
1703 5148 1813 5230 pueris
1843 5149 1933 5215 omni
1958 5151 2045 5219 iuri.

374 5265 457 5342 quod
489 5261 523 5326 in
553 5259 651 5325 dictis
682 5260 838 5326 tredecim
870 5260 982 5326 solidis
1012 5261 1106 5325 nohis
1137 5264 1353 5342 competebat.
1401 5259 1508 5325 Huius
1538 5256 1587 5323 rei
1618 5263 1722 5323 testes
1745 5262 1839 5321 sunt:
1865 5256 1974 5338 Giplo
2002 5264 2048 5327 de

373 5368 564 5447 Holzhusin,
596 5366 785 5433 Hertvvicus
816 5369 855 5431 de
879 5367 959 5433 Alta
983 5370 1086 5442 domo,
1119 5367 1264 5449 scabini3
1297 5370 1466 5434 t'onradus
1496 5364 1722 5445 Burnellecke,
1753 5365 1975 5431 Hermannus
2003 5370 2049 5435 de

374 5475 517 5554 t'olonia,
543 5474 681 5555 Alleum,
714 5473 888 5541 Gothidus
918 5474 1025 5553 indes,
1058 5474 1147 5540 cives
1178 5476 1524 5553 Franlrenvordenses,
1557 5478 1590 5537 et
1620 5490 1716 5551 quam
1749 5469 1861 5552 plures
1885 5469 1949 5536 alii
1976 5475 2050 5542 fide

373 5580 471 5663 digni.
520 5582 559 5646 ln
590 5582 682 5647 cuius
712 5581 761 5647 rei
792 5582 1011 5647 testhnonium
1042 5588 1075 5646 et
1106 5580 1250 5647 debitam
1274 5582 1462 5647 firmitatem
1485 5598 1544 5645 nos
1568 5576 1763 5644 Wollwinus
1786 5584 1821 5643 et
1844 5578 2052 5650 Gerdrudis

639 5776 664 5829 a)
680 5773 728 5817 So!
