4400 6384
756 299 823 352 1248
842 298 901 354 Jnli
920 299 954 353 28
975 330 1005 337 —
1027 299 1096 352 laos
1115 296 1281 366 September.
1807 300 1850 365 75

310 499 558 576 Ordcashouscs,
582 497 694 562 deseca
719 497 870 562 (r'ehiirulc
891 496 1030 562 lou-elad
1056 497 1157 560 dorm
1181 497 1294 560 Brmul
1316 501 1448 560 evracri
1473 495 1611 575 worden,
1636 495 1787 560 Almoscu
1808 517 1851 560 aa

306 606 452 686 spondere,
484 626 538 668 canc
567 604 711 668 calloel
738 605 798 668 cleo
831 626 897 668 crura
924 604 1038 685 Popleto
1071 604 1259 667 certamen
1283 603 1403 669 aihlcss
1431 625 1474 667 aa
1502 606 1675 688 pecc’iuncu.
1722 601 1848 682 Mur-iaz,

308 718 396 778 1248
419 712 492 778 Juli
514 717 568 776 28.

299 855 341 920 H.
367 857 521 936 decanus,
547 855 587 920 R.
612 861 730 919 cantor
754 860 787 919 et
811 856 850 921 G.
877 860 987 918 custos
1012 852 1120 918 sancti
1142 854 1234 918 Petri
1249 852 1446 937 hlaguntini,
1469 851 1594 919 iudices
1618 859 1652 919 et
1675 872 1851 919 conserva·

190 969 281 1029 tores
314 961 437 1029 ordinis
469 964 566 1027 beate
600 961 705 1028 Maria
738 960 934 1044 Magdalene
966 960 999 1026 in
1030 960 1227 1027 Alamannia
1259 980 1280 1026 a
1311 962 1387 1026 sede
1405 959 1431 1032 ll
1449 959 1634 1042 apostolica
1666 959 1848 1028 constituti.

191 1069 365 1137 Universis
388 1069 600 1135 ecclesiarum
624 1067 808 1134 rectoribus
832 1067 1016 1148 ceterisque
1040 1067 1164 1132 Christi
1186 1067 1337 1133 fidelibus
1360 1086 1496 1149 presens
1516 1067 1676 1149 scriptum
1690 1066 1850 1146 visuris·

191 1177 333 1244 salutern
348 1177 381 1243 in
395 1176 526 1243 Christo
538 1177 630 1241 lesu.
668 1177 720 1241 Ad
743 1175 902 1242 >noticiam
930 1172 1128 1240 multorumb
1144 1173 1267 1242 Christi
1282 1175 1425 1242 fidelium
1440 1173 1632 1246 crelldimus
1647 1171 1848 1256 pervenisse,

191 1284 334 1366 qualiter
357 1281 505 1350 dominus
529 1302 617 1364 papa
640 1301 739 1364 super
763 1280 976 1347 conversione
1000 1299 1147 1346 sororum
1172 1281 1376 1363 penitentum
1391 1280 1527 1365 gavisus
1542 1279 1653 1369 amitis
1669 1278 1851 1364 privilegiis

191 1389 338 1457 ordinem
360 1389 507 1472 ipsarum
531 1395 565 1454 et
588 1388 801 1472 indulgentiis
817 1387 1017 1468 roborarit,⁰
1039 1387 1088 1454 ita
1111 1395 1149 1454 ut
1165 1394 1234 1454 tam
1249 1387 1415 1470 pielltutis
1430 1387 1551 1454 intuitu
1568 1407 1665 1469 quam
1681 1393 1851 1454 tantarum

189 1495 469 1581 indulgentiarum
491 1495 627 1560 inductu
652 1498 693 1560 ad
718 1497 828 1561 danda
851 1495 898 1560 eis
922 1493 1074 1559 caritatis
1105 1514 1206 1576 opera
1229 1495 1369 1578 popolus
1393 1494 1565 1576 excitetur,
1597 1514 1670 1561 cum
1698 1493 1851 1577 proprias

190 1624 257 1671 non
280 1603 427 1670 habeant
449 1600 637 1682 facultates
670 1604 755 1667 unde
779 1602 931 1668 miseram
961 1601 1064 1669 vitam
1087 1601 1221 1668 valeant
1251 1609 1450 1669 sustentare.
1498 1603 1607 1669 'lenor
1636 1620 1716 1668 vero
1745 1600 1852 1669 indul·

191 1711 379 1794 gentiarum
402 1708 479 1776 talis
504 1715 564 1789 est,
598 1708 750 1775 videlicet
774 1707 956 1775 cottidiana
983 1707 1044 1773 XL
1069 1708 1194 1774 dierum
1216 1708 1423 1793 indulgentia
1446 1709 1595 1775 omnibus
1618 1727 1731 1775 earum
1753 1710 1851 1774 bene-

189 1815 375 1883 factoribus
399 1836 420 1882 a
442 1816 570 1882 domino
587 1835 675 1897 papa
691 1811 851 1898 paterne‘¹
865 1813 1003 1880 indulta.
1044 1814 1212 1896 Speciales
1227 1823 1336 1881 autem
1353 1822 1430 1881 sunt
1450 1817 1525 1882 hee:
1550 1815 1585 1881 in
1600 1813 1851 1881 annuntiatione

190 1926 313 1990 beatc⁶
334 1922 440 1990 Maria
464 1921 533 1987 XX
549 1922 628 2002 dies
652 1921 686 1987 in
710 1921 895 2004 septimana
918 1921 1045 2003 pascali
1068 1940 1183 2001 annuc,
1209 1921 1287 1987 item
1310 1921 1344 1988 in
1367 1920 1454 1988 festo
1477 1924 1576 1988 beate
1591 1920 1696 1987 Mario
1712 1921 1851 2004 Magda-

190 2030 265 2096 lene
291 2029 361 2096 XX
377 2028 456 2110 dies,
481 2029 515 2096 in
539 2029 761 2111 assumptione
785 2031 882 2094 beate
906 2028 1044 2111 virginis
1068 2028 1136 2094 XX
1152 2025 1252 2110 dies‘
1271 2026 1351 2095 item
1373 2028 1408 2096 in
1431 2028 1537 2111 prima
1559 2027 1722 2095 dominica
1745 2027 1851 2093 cuius-

190 2137 274 2202 libet
295 2136 417 2204 mensis
432 2135 494 2202 XL
508 2135 577 2202 dies
602 2138 643 2200 ad
667 2137 880 2218 conparanda
897 2134 1021 2217 predia,
1047 2134 1133 2202 sicut
1156 2132 1220 2201 fuit
1242 2135 1276 2202 in
1292 2135 1487 2220 Maguntino
1511 2133 1647 2202 concilio
1663 2135 1849 2202 recitatum.

190 2243 277 2309 Item
301 2263 322 2308 a
344 2241 473 2308 domino
489 2241 621 2323 Ottone,
647 2241 826 2324 apostolice
851 2240 938 2308 sedis
954 2241 1028 2308 olim
1045 2241 1166 2324 legato,
1183 2241 1246 2308 XL
1259 2242 1339 2323 dies,
1365 2261 1445 2324 quos
1467 2241 1615 2309 domiuus
1629 2261 1720 2324 papa
1733 2247 1853 2324 postea

192 2348 435 2416 confirmavitss
471 2349 555 2414 Item
586 2369 606 2414 a
634 2347 762 2415 domino
793 2368 881 2430 papa
904 2347 1107 2427 Innocentio,
1142 2349 1197 2430 qui
1227 2349 1292 2415 iam
1326 2355 1378 2415 est
1410 2348 1546 2416 ecclesie
1578 2355 1693 2415 sancte
1725 2354 1850 2430 pastor,

195 2456 260 2522 XL
277 2455 354 2522 dies.
396 2456 476 2522 Cum
498 2454 600 2538 igitur
624 2457 736 2520 domus
761 2473 909 2521 sororum
932 2454 1136 2537 penitentum
1159 2455 1193 2521 in
1209 2453 1439 2523 Frankeniurt
1461 2458 1501 2522 de
1524 2454 1638 2522 ordine
1661 2453 1851 2536 supradicto

192 2563 344 2629 incendio
369 2561 495 2628 casuali
517 2560 749 2628 miserabiliter
773 2561 817 2627 sit
840 2563 1020 2642 destructa,
1046 2565 1129 2628 adeo
1146 2558 1256 2643 quod¹¹
1280 2561 1350 2628 sine
1373 2561 1557 2629 elemosinis
1572 2559 1695 2628 Christi
1709 2559 1852 2628 fidelium

192 2689 259 2736 non
282 2669 387 2752 possit
410 2668 619 2750 aliquatenus
642 2666 802 2750 reparari,
839 2667 1039 2734 auctoritate
1063 2667 1185 2734 domini
1207 2687 1294 2751 pape
1317 2689 1382 2750 qua
1405 2666 1571 2752 fungimur
1600 2666 1851 2735 universitatem

192 2782 340 2844 vestram
363 2777 575 2842 exhortamur
597 2773 782 2856 indomino,
807 2773 841 2841 in
865 2773 1087 2841 remissionem
1104 2774 1198 2843 vobis
1214 2774 1437 2857 peccaminum
1452 2774 1671 2858 iniungentes,
1696 2772 1851 2855 quaunns

192 2888 330 2965 propter
354 2885 449 2950 deum
473 2888 507 2948 et
530 2883 571 2948 ob
594 2881 814 2948 reverentiam
839 2881 925 2947 sedis
953 2879 1150 2963 apostolicei
1173 2880 1307 2948 nuntios
1337 2901 1485 2948 sororum
1515 2880 1747 2964 predictorum,
1779 2899 1852 2946 cum

193 2991 237 3056 ad
261 3008 320 3057 vos
344 2987 592 3070 declinaverint,
616 2987 651 3054 in
674 2987 825 3070 petendis
838 2986 1020 3054 elemosinis
1037 3007 1229 3070 promovere
1244 2988 1365 3070 velitis
1381 2988 1597 3072 impendendo
1613 2986 1734 3054 eisdem
1750 3005 1852 3069 opera

193 3095 356 3162 caritatis.
405 3094 523 3162 Clerici
553 3113 690 3176 quoqne,
727 3093 782 3176 qui
815 3094 887 3162 vice
911 3095 992 3161 Jcsn
1018 3093 1141 3161 Christi
1163 3103 1313 3162 sanctam
1339 3102 1459 3180 regunt
1486 3093 1666 3177 ecclesiam,
1697 3093 1851 3176 populum

193 3221 288 3268 sunm
312 3204 354 3268 ad
378 3201 635 3284 compassionem
659 3201 782 3269 Christi
804 3220 984 3284 pauperum
1000 3200 1196 3288 propensius
1217 3203 1442 3284 exhortentur,
1466 3201 1548 3285 ipsis
1563 3201 1731 3285 predictas
1746 3200 1852 3266 indul-

192 3309 325 3392 gentias
348 3307 555 3391 publicando.
603 3307 688 3392 Quia
711 3326 789 3375 vero
814 3307 1004 3374 auctentica
1026 3307 1161 3390 papalia
1184 3329 1299 3376 secure
1321 3312 1365 3376 ad
1387 3310 1461 3377 loca
1483 3309 1614 3393 singula
1637 3305 1761 3374 deferri
1786 3326 1852 3372 non

193 3422 343 3498 possunt,
374 3415 408 3481 in
431 3414 535 3498 ipsius
558 3415 607 3481 rei
630 3414 851 3481 testimonium
875 3414 1021 3496 presenti
1044 3414 1168 3497 scripto
1192 3414 1300 3499 sigilla
1327 3423 1443 3482 nostra
1466 3414 1615 3481 dommus
1645 3415 1849 3497 apponenda.

192 3521 353 3588 Omnibus
377 3521 476 3589 etiam
492 3521 615 3589 Christi
638 3521 787 3587 fidelibus
810 3521 955 3603 ipsarum
979 3519 1247 3588 benefactoribus
1270 3521 1525 3589 communionem
1549 3520 1732 3588 orationum
1748 3518 1852 3587 totins

192 3627 318 3696 ordinis
342 3627 542 3696 auctoritate
565 3627 686 3696 domini
709 3647 794 3712 pape
818 3647 890 3694 cum
914 3627 983 3694 eius
1006 3627 1220 3712 indulgentiis
1249 3628 1463 3711 impertimur,
1494 3636 1532 3695 ut
1555 3647 1614 3711 per
1640 3628 1700 3694 hec
1728 3633 1763 3692 et
1786 3625 1853 3692 aliu

192 3737 290 3817 bona,
315 3753 378 3816 qne
402 3731 543 3802 iecerint
554 3733 683 3802 domino
695 3733 889 3818 inspirante,
907 3738 1088 3802 mercedem
1105 3735 1234 3818 abipso
1251 3731 1693 3817 consequantureternam.¹
1728 3733 1850 3799 Datum

191 3840 375 3925 Mogontia
401 3860 486 3908 anno
511 3840 632 3910 domini
653 3819 698 3908 hl.
724 3843 784 3932 CC.
812 3841 981 3925 XLv111,
1006 3844 1045 3908 V.
1071 3842 1232 3910 kalendas
1255 3843 1397 3928 angusti.

410 3983 457 4039 Or.
470 3983 558 4054 Ppmt.
584 3984 631 4038 Aa
650 3985 918 4055 rothado-prona
936 3983 1077 4040 &taurea
1101 3985 1211 4055 boacca
1235 4002 1289 4038 aa:
1314 3986 1341 4050 1)
1354 3983 1443 4054 Sicuti
1466 3985 1513 4038 dea
1531 3983 1690 4040 Dementes
1707 3981 1851 4046 Heinrich,

460 4076 491 4140 2)
509 4073 568 4126 aad
586 4075 615 4140 3)
634 4073 802 4128 aarum
832 4072 871 4128 St.
884 4074 919 4128 Δ.
934 4073 985 4128 Fr.
1001 4073 1298 4140 Weisefrouealcloeter.
1326 4072 1520 4142 Abluesbriese,
1539 4071 1618 4127 Lude
1636 4071 1689 4125 No.
1701 4074 1743 4138 13,
1762 4070 1815 4124 No.
1826 4071 1851 4122 3.

409 4161 510 4215 Cedat
526 4161 572 4230 B,
589 4165 626 4217 80
645 4163 710 4217 aher
727 4163 799 4217 auch
817 4163 891 4217 decr
908 4163 1027 4232 coelica,
1047 4169 1130 4216 etwas
1148 4161 1350 4218 ohoacbmden
1363 4161 1573 4232 Auafertipucp,
1592 4160 1664 4230 irasc
1682 4177 1717 4213 aa
1735 4159 1795 4212 Juli
1806 4161 1850 4214 26.

413 4249 506 4304 Vera:
525 4249 760 4318 Fr.u1irto.,v1,
780 4254 839 4306 316.

192 4511 288 4587 150.
311 4519 414 4585 aaa
442 4519 565 4602 Rapaci
594 4539 654 4585 coa
683 4519 916 4585 Heddcmlcec'vu
946 4521 1012 4584 arui
1041 4521 1153 4585 deseca
1183 4521 1352 4586 Genucilio
1379 4518 1551 4584 Alberudio
1580 4515 1754 4598 cuboufca
1782 4516 1852 4581 dem

312 4627 444 4694 Klosier
474 4628 648 4714 Aruasbury
680 4629 732 4692 ihr
763 4627 860 4692 Hauc
892 4630 925 4690 lc
958 4625 1153 4708 Fructificet,
1187 4628 1234 4691 bei
1264 4627 1321 4691 der
1351 4625 1514 4707 Hofstc‘ilie
1544 4625 1600 4690 der
1622 4623 1854 4689 Domiaihocer·

310 4736 446 4820 pelopea,
469 4735 528 4817 [bb
551 4741 595 4800 16
610 4735 719 4802 Mori.
767 4738 855 4799 1248
877 4734 1061 4815 September.

302 4875 468 4956 Actiones,
486 4896 568 4958 quas
584 4879 723 4943 mundus
739 4875 880 4957 ordinat,
898 4873 1092 4941 oblivionem
1109 4874 1251 4959 effugere
1267 4881 1415 4957 possunt,
1433 4873 1462 4940 si
1476 4872 1651 4939 munimine
1666 4871 1852 4939 litterarum

192 4983 385 5051 iniciuntur.
405 4983 415 5057 l
421 4983 430 5057 l
454 4983 615 5052 Noverint
637 4982 741 5067 igitur
762 4981 909 5050 universi
932 4982 1049 5065 scripti
1071 4981 1235 5065 presentis
1258 4981 1472 5064 inspectores,
1498 4983 1583 5062 qnod
1607 4999 1667 5064 ego
1683 4981 1852 5063 Rupertus

191 5090 289 5157 miles
312 5090 418 5158 dictum
442 5093 481 5157 de
497 5089 694 5157 Hederheim
710 5087 734 5163 ll
752 5096 786 5156 et
801 5088 977 5155 Alberadis
1000 5109 1083 5155 uxor
1106 5107 1179 5155 mea
1203 5089 1442 5155 communicata
1465 5107 1563 5154 manu
1579 5094 1613 5153 et
1627 5087 1702 5169 pari
1717 5086 1852 5154 consilio

191 5196 399 5266 vendidimus
423 5197 551 5264 domino
577 5250 583 5262 .
610 5250 616 5263 .
642 5196 757 5264 abbati
780 5203 814 5262 et
837 5195 1043 5268 conllventui
1063 5199 1104 5262 de
1119 5198 1294 5279 Arnsbnrg
1316 5198 1445 5262 domum
1467 5201 1614 5261 nostrum
1637 5197 1724 5276 apud
1741 5213 1853 5260 aream

191 5304 442 5372 Predicatornm
465 5305 499 5371 in
522 5301 751 5372 Frankinvort
774 5304 872 5370 sitam
895 5321 967 5369 cnm
991 5303 1140 5376 omnibus
1170 5302 1239 5368 suis
1263 5303 1448 5368 attinentiis
1472 5322 1531 5385 pro
1562 5301 1703 5367 sedecim
1731 5299 1852 5366 marcis

192 5412 308 5480 Colon.
326 5414 409 5492 den,
435 5430 517 5493 quas
534 5411 628 5477 nobis
651 5409 792 5478 fideliter
816 5430 856 5476 ex
879 5410 1008 5494 integro
1032 5417 1160 5476 statuto
1184 5417 1332 5491 tempore
1348 5410 1587 5492 persolverunt.
1623 5407 1741 5472 Testes
1755 5405 1852 5472 huius

462 5628 485 5664 st
505 5617 609 5674 vervece
622 5621 687 5664 B'a:
709 5622 811 5674 ,qulbus
826 5621 963 5665 innotuerlt
978 5630 1077 5674 presens
1091 5621 1217 5674 seriptum.
1239 5619 1344 5663 saluum
1361 5621 1385 5662 ln
1400 5619 1498 5663 domiuo
1520 5618 1714 5672 sempiternam.
1741 5617 1766 5666 b)
1779 5616 1850 5671 fehlt.

408 5693 602 5744 ct‚roborevit“.
629 5692 890 5744 d)„mleerlcorditer·.
918 5697 941 5736 el
957 5697 1075 5746 ,senem
1103 5693 1124 5744 t)
1139 5690 1601 5743 ,itemindedloetlonecentnrndlea·.
1628 5688 1852 5744 g),quledomlno

409 5773 472 5818 pepe
488 5768 547 5807 aunt
561 5765 720 5808 eonhrmutb.
749 5763 774 5814 h)
789 5768 827 5816 ,et
841 5765 914 5807 siner.
943 5765 960 5814 l)
975 5763 1080 5816 ,domini
1094 5766 1177 5817 pape‘.
1204 5761 1230 5816 h)
1245 5762 1450 5814 ,mbericordlter
1463 5764 1666 5814 consequentum.
