4400 6384
399 312 465 378 320
897 313 966 368 1293
986 311 1136 366 November
1154 313 1189 366 23
1209 343 1242 351 -
1263 313 1332 366 1293
1349 311 1501 366 November
1518 313 1561 366 27.

398 512 568 578 lebannes
597 510 725 577 iuvenis
750 509 925 592 Geltstein,
952 510 1078 577 scabini
1101 512 1442 593 Frankrmordenses,
1474 517 1509 579 et
1538 530 1636 591 quam
1666 511 1777 592 planes
1806 511 1864 578 alii
1890 512 2048 594 tidedigni.

398 619 437 684 In
468 618 560 684 cuius
590 616 639 682 rei
669 617 889 682 testimenium
922 637 981 682 nos
999 669 1005 682 .
1025 672 1031 682 .
1050 617 1210 684 scultetus
1234 624 1269 683 et
1286 671 1291 682 .
1311 670 1318 682 .
1336 617 1463 684 scabini
1493 616 1660 699 prenotati
1691 620 1732 682 ad
1764 617 1958 699 peticionem
1982 639 2049 700 pre

399 721 541 790 laterum
573 723 694 790 demini
711 776 717 790 .
737 776 743 789 .
762 723 894 790 abbatis
924 731 958 790 et
988 745 1120 790 suerum
1155 724 1360 792 confratrum
1391 725 1532 808 sigillum
1564 724 1793 792 universitatis
1822 726 2049 790 Frankenvor-

399 831 508 897 densis
538 831 747 914 presentibus
778 830 927 896 duxirnus
958 835 1218 914 appendendum.
1266 834 1385 898 Actum
1416 853 1502 899 anno
1534 812 2048 913 dominin.e·c.xcli1.,teria

398 945 494 1004 sexta
517 938 665 1020 proxima
689 943 766 1004 ante
791 936 911 1004 festum
935 939 1107 1004 beatorum
1134 939 1285 1023 Symenis
1308 945 1342 1006 et
1364 941 1452 1006 Jnde
1476 939 1708 1022 apestolorum.

613 1080 658 1134 Or.
672 1079 759 1149 Ppnrt.
775 1079 824 1134 enit
842 1079 1053 1150 abdenpendem,
1074 1080 1262 1152 beeclvridiqten
1281 1081 1504 1151 Stadtsieqelst'),
1521 1087 1602 1152 proin.
1640 1081 1717 1135 Liclr.

612 1169 712 1226 Getta:
731 1168 774 1237 B,
792 1172 847 1224 283
864 1169 934 1224 necle
952 1169 1011 1223 den
1032 1168 1078 1225 Or.
1100 1211 1106 1223 .

397 1438 489 1515 643.
513 1448 846 1528 Sclrulllrcr'ssVelrerl,
871 1447 921 1513 dic
937 1450 1083 1532 Sclu'iffcn
1109 1451 1173 1513 arrd
1189 1449 1319 1532 Biirpcr
1344 1471 1401 1514 ren
1419 1449 1601 1530 Frunlsurt
1620 1451 1830 1528 mrrrlrvndcm,
1853 1451 1932 1514 dress
1944 1449 2046 1530 liqna

516 1579 574 1620 rere
602 1555 874 1635 Saclesmrleausca,
912 1557 968 1620 cler
997 1557 1083 1620 Solea
1120 1555 1286 1633 Keurusls,
1323 1557 1378 1620 des
1414 1557 1565 1636 sriilrcrcu
1594 1558 1836 1633 Sclrultbeisscu,
1873 1578 1918 1620 ere
1952 1556 2046 1619 Rem

512 1663 675 1742 Heinrich,
700 1663 890 1747 cleerreelipcrc
913 1661 1132 1744 Fruulferler
1154 1664 1396 1743 Scluelllrer'sscrr,
1420 1667 1526 1728 sebee
1543 1664 1572 1726 T
1570 1665 1633 1727 lrcil
1654 1685 1698 1728 aa
1720 1664 1777 1727 der
1792 1664 1887 1747 Bure
1912 1663 1978 1725 terei
1998 1663 2046 1726 der

512 1770 624 1834 Miilrlc
638 1791 680 1834 eu
692 1769 874 1834 lidricllecim
889 1770 976 1833 nebel
992 1771 1130 1834 eraderem
1144 1770 1288 1853 ‹lertipca
1302 1769 1425 1834 Giitcrn
1442 1769 1587 1852 recteest
1601 1771 1689 1834 habe.
1715 1776 1803 1834 1293
1814 1770 1988 1834 November
1997 1775 2043 1832 23·

503 1911 571 1977 Nes
601 1911 765 1976 Velradus
798 1911 968 1991 scultetus
992 1963 997 1976 .
1023 1964 1028 1976 .
1052 1911 1178 1976 scabini
1213 1910 1378 1992 ceterique
1413 1910 1504 1978 cives
1539 1914 1579 1977 de
1614 1913 1864 1977 Frankcnvord.
1924 1912 2042 1976 Tenere

399 2017 601 2101 presencium
631 2017 904 2101 recognoscimus
937 2020 1022 2099 qued
1053 2017 1211 2099 Ripertus
1241 2021 1281 2084 dc
1315 2019 1551 2097 Sassenlrusen,
1570 2017 1596 2090 ll
1613 2019 1699 2084 libus
1722 2021 1885 2099 qnondam
1910 2016 2044 2083 (luuradi

398 2124 531 2191 sculteti
559 2124 681 2206 militie,
715 2131 828 2190 nester
860 2124 1014 2206 concivis
1040 2123 1074 2190 in
1099 2124 1204 2190 nostri
1228 2125 1401 2206 presencia
1424 2125 1625 2191 constitutus
1649 2125 1797 2191 vendidit
1820 2126 1958 2190 honeste
1982 2124 2043 2191 vire

396 2232 551 2298 Heinrico
575 2232 682 2312 militi,
708 2231 900 2312 quoulrdam
918 2232 1058 2298 sculteto
1075 2231 1398 2315 Frankenverdensi,
1423 2233 1486 2298 rite
1503 2239 1536 2298 et
1552 2231 1799 2299 racionabiliter
1816 2252 1909 2297 snam
1927 2240 2044 2313 piamen

398 2339 501 2406 castri
517 2337 728 2404 Redelnlreim
745 2337 851 2420 ipsum
868 2338 1111 2422 contingentem
1128 2345 1162 2405 et
1177 2359 1269 2404 suern
1292 2346 1420 2420 partem
1435 2339 1640 2410 molendillni
1655 2339 1775 2406 ibidem
1791 2348 1825 2406 et
1841 2339 1925 2405 alias
1942 2346 2044 2420 partes

399 2452 577 2527 pratorum,
600 2464 766 2527 pascuum,
791 2465 917 2510 necnon
934 2445 1000 2511 alia
1015 2448 1103 2511 bena
1118 2445 1283 2528 universa,
1301 2467 1364 2527 que
1380 2445 1489 2512 dictus
1505 2447 1664 2529 Ripertus
1680 2446 1770 2512 circa
1785 2445 1890 2528 ipsum
1907 2454 2044 2511 castrum

396 2551 467 2617 iure
491 2549 613 2618 feodali
636 2551 791 2635 possedit,
818 2560 976 2634 perpetue
1001 2553 1241 2636 possidendum.
1278 2552 1477 2637 llcsignavit
1500 2561 1534 2620 et
1556 2553 1764 2620 renunciavit
1787 2552 1870 2618 idern
1895 2552 2045 2635 Ripertus

398 2657 484 2724 omni
506 2658 579 2740 iuri,
600 2661 684 2740 qued
710 2658 773 2725 sibi
795 2659 828 2725 in
853 2659 949 2724 dictis
973 2666 1068 2742 parte
1092 2659 1196 2726 castri
1219 2667 1253 2726 et
1276 2659 1350 2726 aliis
1366 2661 1517 2742 superius
1541 2661 1642 2726 tactis
1666 2662 1872 2742 competebat
1895 2679 1953 2725 seu
1968 2679 2045 2724 cern-

398 2772 510 2846 petere
543 2765 727 2846 videbatur,
762 2766 956 2847 quibusdam
988 2774 1098 2832 tamen
1131 2767 1263 2835 mansis.
1296 2787 1377 2848 ques
1408 2766 1559 2850 prelatus
1590 2767 1748 2849 Ripertus
1778 2767 1899 2832 ibidem
1930 2767 2043 2831 babere

398 2870 588 2952 dinoscitur,
618 2879 651 2938 et
675 2892 735 2938 sua
759 2873 885 2939 decima
908 2875 1080 2939 dumtaxat
1104 2873 1261 2955 exceptis.
1309 2874 1427 2939 'Pestcs
1451 2874 1652 2941 vendicionis
1677 2873 1834 2955 premisse
1859 2881 1951 2938 siret:
1976 2870 2045 2936 l'el-

397 2980 498 3044 radus
523 2980 682 3045 scultetus
706 2979 926 3062 supradictus,
959 2981 1066 3064 Gyple
1091 2983 1131 3046 de
1155 2981 1356 3062 Hulzlrusen,
1374 2983 1574 3048 ll'ernlrerus
1598 2984 1637 3046 de
1661 2981 1863 3059 ll'anebacb,
1890 2979 2046 3046 Arnoldus

397 3087 437 3150 de
462 3085 643 3170 Glauburg,
668 3087 856 3154 Hertwicns
880 3090 919 3153 de
937 3088 1016 3153 Alta
1039 3091 1143 3169 domo,
1167 3086 1318 3171 Spiridus
1342 3091 1381 3154 de
1399 3087 1607 3170 Gysenlreim,
1632 3087 1769 3168 scabini,
1794 3093 1828 3152 ct
1845 3086 2046 3168 quamplures

398 3191 455 3257 alii
478 3191 566 3260 cives
591 3195 927 3260 Fr·ankenvm·dcuses
951 3194 1115 3278 fidedigni.
1163 3196 1203 3260 In
1227 3195 1320 3261 cuius
1344 3195 1393 3260 rei
1416 3195 1636 3260 testimenium
1660 3215 1720 3260 nes
1738 3247 1743 3258 .
1763 3247 1770 3259 .
1789 3195 1948 3260 scultetus
1967 3199 2000 3258 et
2016 3243 2045 3254 ..

397 3298 524 3364 scabini
554 3301 722 3382 prenotati
754 3303 796 3366 nd
827 3307 979 3384 rogatum
1011 3302 1157 3382 parcium
1181 3301 1440 3384 prescriptorum
1464 3301 1605 3384 sigillum
1631 3300 2047 3397 universitatisFranken·

397 3405 569 3472 verdensis
594 3407 802 3489 presentibus
826 3407 976 3473 (luximus
1000 3411 1259 3490 appendendum.
1295 3411 1415 3474 Actum
1440 3429 1525 3474 anno
1543 3407 1664 3473 demini
1687 3410 1728 3473 air.
1751 3402 1793 3474 e'c.
1816 3408 1952 3486 xciii,
1970 3403 2048 3471 ieria

398 3515 543 3578 secunda
568 3519 646 3580 ante
669 3512 790 3580 festum
814 3515 910 3580 beate
935 3513 1117 3580 Katlrerine
1142 3515 1290 3599 virginis

613 3657 659 3712 Or.
676 3657 763 3726 l'pmt.
801 3658 863 3711 llos
882 3657 1059 3727 eblrunqemlc
1079 3657 1291 3727 aStodteiepcla')
1310 3659 1346 3710 ist
1364 3658 1533 3711 zerbreclren.
1574 3657 1704 3710 Ullstodt.

612 3747 713 3799 Gula:
731 3747 775 3813 B„
794 3749 847 3800 L'e’l
866 3747 936 3800 eeuclr
955 3746 1013 3798 clem
1035 3749 1081 3800 Or.
1102 3770 1135 3790 =
1154 3747 1251 3814 διιιιον,
1271 3747 1295 3815 1,
1314 3752 1375 3800 685.

616 3835 708 3889 Vera:
728 3835 834 3902 Scribo,
853 3835 895 3902 II,
917 3835 969 3888 Ne.
983 3837 1042 3888 sle.

398 4102 489 4178 644.
515 4111 576 4174 llic
600 4112 774 4176 Mineritce
796 4135 838 4176 ere
861 4112 1006 4197 Ilicburp
1029 4119 1125 4177 trema
1149 4115 1199 4176 ilu·
1217 4113 1354 4176 alrrrrclrt
1377 4135 1420 4177 ere
1442 4113 1499 4177 der
1515 4113 1626 4178 alliilrlr
1641 4113 1822 4195 Kislrlbrrp
1847 4113 1895 4175 bei
1913 4110 2050 4191 llirbmp

514 4220 579 4281 terni
610 4219 805 4284 Lir'mlcrciee
836 4220 882 4283 bri
912 4219 1060 4284 Derluule
1089 4242 1188 4304 peperi
1217 4223 1283 4283 cine
1311 4219 1714 4306 linerentiqrerqssmnme
1743 4241 1787 4284 arr
1815 4219 1877 4283 cles
1900 4217 2051 4281 Ileutsclr-

515 4326 710 4390 errlcaslmus
736 4330 768 4390 ire
791 4327 1051 4391 Svmlrscnlmuscu
1075 4328 1125 4390 orb.
1174 4333 1261 4390 1293
1284 4327 1457 4390 Neccmber
1479 4331 1533 4390 27.

505 4467 665 4533 Noverint
689 4468 834 4534 universi
857 4468 1057 4550 presentium
1081 4468 1294 4549 inspectores
1320 4469 1404 4548 qued
1429 4485 1501 4533 eum
1523 4467 1713 4533 internos.
1733 4519 1738 4531 .
1757 4467 1955 4550 garilianum
1972 4473 2003 4531 et
2021 4513 2051 4527 ..

398 4571 522 4640 iratres
546 4574 669 4640 ordinis
685 4575 846 4640 llinorum
862 4575 895 4641 in
913 4575 939 4648 ll
957 4577 1116 4658 lleypurg
1138 4573 1358 4640 mediantibus
1382 4574 1504 4639 nostris
1524 4574 1792 4657 procuratoribus
1808 4594 1849 4639 ex
1867 4580 1965 4655 quarte
1981 4591 2051 4636 nna.

399 4687 433 4746 et
451 4733 456 4745 .
476 4734 482 4745 .
501 4685 794 4747 commendatorem
811 4689 845 4748 et
867 4735 872 4746 .
893 4734 899 4747 .
922 4679 1046 4747 iratres
1070 4685 1184 4747 domus
1207 4681 1433 4746 'llreutlrenicc
1455 4681 1490 4746 in
1514 4680 1725 4746 Sassinlrusin
1749 4701 1789 4745 ex
1814 4681 1934 4751 altera,
1959 4697 2053 4760 snper

398 4786 581 4854 molendino
612 4788 700 4854 dicte
727 4789 920 4872 liystilbcrg
951 4791 1037 4870 apud
1063 4790 1222 4871 Deypurg
1255 4787 1318 4854 sito
1350 4794 1383 4853 et
1413 4795 1488 4853 ecte
1518 4787 1686 4870 iugeribus
1716 4794 1888 4868 pratorum
1920 4785 1995 4850 sitis
2023 4784 2053 4848 in

400 4895 562 4976 Derbach,
588 4894 786 4976 aliquamdiu
811 4895 937 4976 questio
961 4902 1157 4976 verteretur,
1181 4894 1269 4960 inter
1292 4915 1352 4960 nes
1374 4893 1452 4960 talis
1477 4894 1640 4959 ordinatio
1663 4913 1721 4959 seu
1746 4893 1942 4975 compositio
1957 4893 2054 4958 inter-

400 5001 509 5083 cessit,
545 5005 630 5082 qued
661 5022 721 5068 nes
750 5003 969 5068 mediantibus
1000 5002 1122 5067 nestris
1154 5001 1431 5083 procuratoribus,
1457 5000 1600 5082 receptis
1630 5002 1672 5066 ab
1703 4999 1874 5066 eisdem..
1896 5017 2053 5064 commen-

400 5112 515 5176 datore
546 5105 817 5174 et..irat1·ibus
848 5109 1069 5192 quadraginta
1099 5107 1192 5173 libris
1221 5107 1413 5173 hallensium
1444 5114 1478 5174 et
1508 5107 1698 5188 numeratis,
1727 5106 1998 5172 renunciavimus
2023 5112 2052 5170 et

401 5215 608 5297 presentibus
643 5215 872 5281 renunciamus
907 5215 992 5282 omni
1026 5215 1099 5296 iuri,
1134 5217 1220 5296 qued
1254 5215 1424 5281 babuimus
1459 5221 1493 5280 et
1524 5215 1646 5280 habere
1679 5220 1868 5296 poteramus
1902 5213 1938 5278 in
1971 5213 2053 5277 dicte

400 5323 581 5388 molendino
612 5329 645 5387 et
676 5322 781 5403 pratis
811 5329 844 5388 et
874 5341 937 5388 une
965 5322 1083 5387 maltro
1108 5320 1256 5403 siliginis,
1282 5323 1366 5402 qued
1390 5320 1484 5386 nobis
1508 5322 1549 5386 ab
1573 5309 1686 5386 eedem
1708 5319 1895 5386 molendino
1921 5319 2054 5402 siugulis

401 5429 495 5493 annis
519 5429 770 5494 ministrabatur
794 5429 964 5494 occasione
984 5427 1174 5492 donacionis
1194 5428 1318 5510 capelle
1334 5427 1367 5492 in
1385 5428 1544 5510 lleypurg
1559 5426 1652 5491 nobis
1668 5424 1767 5507 lacte,
1793 5445 1893 5507 quam
1911 5433 2054 5492 tenemus

400 5541 434 5599 et
461 5535 677 5617 possidemus,
709 5555 804 5616 (peram
835 5534 1073 5600 ordinationem
1105 5555 1164 5600 nes
1187 5587 1193 5598 .
1218 5587 1223 5599 .
1247 5534 1427 5618 gordianus
1456 5541 1491 5600 ct
1508 5587 1514 5600 .
1534 5587 1540 5598 .
1559 5531 1682 5598 iratres
1713 5531 1853 5614 predicti
1884 5541 1996 5600 ratam
2024 5540 2052 5595 et

401 5647 531 5722 gratam
554 5643 711 5706 habemus
735 5649 769 5706 et
792 5659 861 5706 eam
887 5643 1108 5722 approbamus
1132 5649 1164 5706 et
1190 5644 1231 5706 ad
1256 5641 1518 5708 observationem
1534 5659 1594 5706 nes
1611 5692 1618 5704 .
1636 5689 1644 5703 .
1662 5647 1856 5722 nostrosque
1876 5693 1883 5705 .
1904 5693 1911 5706 .
1930 5658 2055 5706 succes-

401 5766 492 5812 sores
524 5747 734 5829 presentibus
766 5747 956 5832 ebligamus.
1014 5748 1053 5813 ln
1086 5767 1221 5828 querum
1255 5746 1476 5813 testimenium
1507 5765 1567 5812 nes
1593 5797 1625 5811 ..
1651 5745 1833 5830 gardiauus
1864 5755 1903 5812 ct
1935 5745 2054 5813 fratres
