4400 6384
402 309 467 374 302
1124 309 1193 363 1292
1211 308 1270 364 Juli
1289 309 1331 363 10.

402 508 478 574 olim
502 507 726 589 recepcionem
750 506 885 572 testium
910 506 944 573 in
967 510 1080 574 eadem
1105 529 1208 574 causa
1225 562 1230 572 .
1250 563 1256 574 .
1275 507 1553 590 archipresbitero
1573 516 1606 574 et
1624 561 1630 572 .
1650 561 1656 571 .
1674 509 1842 591 preposito
1858 514 1899 576 de
1917 509 2046 594 Lepide,

403 613 570 680 canonicis
593 613 808 697 Maguntinis,
834 613 1034 680 commiserit
1056 615 1185 696 ipsique
1208 615 1300 681 dicta
1319 614 1453 680 testium
1470 615 1504 679 in
1519 613 1594 696 ipsa
1609 635 1712 681 causa
1727 623 1934 698 receptorum
1950 620 2047 685 adhuc

404 741 502 804 penes
533 740 568 786 se
598 722 727 786 reclusa
758 727 918 802 tenerent,
944 721 1038 786 iuxta
1064 722 1250 788 huiusmodi
1273 722 1366 787 dicta
1388 723 1566 803 procedere
1588 722 1706 788 uellem
1729 721 1764 786 in
1788 742 1890 788 causa
1913 722 2046 805 prefata.

402 831 510 895 Facta
532 835 643 894 autem
667 849 726 910 per
741 847 791 894 me
809 827 968 894 relatione
986 828 1159 910 peticionis
1176 829 1324 910 predicte
1341 831 1521 897 reverendo
1537 829 1637 910 patri,
1663 829 1791 894 domino
1808 830 2047 913 archiepiscopo

402 934 603 1018 supradicto,
628 935 699 1017 ipse
729 934 828 1000 michi
860 955 937 1000 suas
968 935 1100 1001 litteras
1131 936 1301 1002 direxerat
1330 937 1390 1001 sub
1420 936 1483 1001 hac
1514 934 1636 1001 iorma:
1669 937 1747 1003 Ger.
1770 937 1824 1002 dei
1852 937 1972 1020 gracia
1993 948 2046 1003 etc.

401 1048 546 1128 Quarum
577 1042 763 1108 litterarum
794 1041 995 1108 auctoritate
1020 1063 1040 1108 a
1064 1043 1213 1125 predicto
1244 1042 1404 1108 Heinrico
1434 1044 1597 1123 quondam
1627 1041 1768 1108 sculteto
1800 1043 1892 1109 dicta
1922 1045 2047 1110 testium

402 1170 511 1217 coram
542 1147 683 1231 prelatis
702 1202 707 1213 .
728 1203 733 1213 .
752 1148 1030 1230 archipresbitero
1061 1157 1095 1215 et
1113 1203 1119 1215 .
1139 1203 1145 1214 .
1164 1149 1332 1232 preposito
1363 1151 1596 1231 productorum
1626 1169 1665 1214 ac
1692 1149 1801 1215 omnia
1826 1149 2046 1231 instrumenta,

403 1258 521 1340 quibus
552 1256 601 1322 uti
631 1257 741 1338 vellet,
766 1256 921 1322 mandavi
949 1256 1073 1338 requiri
1096 1264 1130 1322 et
1153 1276 1255 1339 usque
1280 1256 1313 1322 in
1338 1255 1476 1322 terciam
1499 1254 1619 1322 leriam
1642 1263 1718 1338 post
1740 1254 1862 1322 festum
1885 1259 2047 1324 beatomm

402 1365 493 1431 Petri
517 1371 551 1430 et
574 1363 668 1428 Pauli
698 1363 920 1445 apostolorum
951 1383 1010 1445 per
1040 1383 1075 1429 se
1106 1364 1159 1430 vel
1188 1383 1281 1430 suum
1312 1370 1559 1446 procuratorem
1589 1362 1687 1428 michi
1717 1363 1864 1429 exhiberi
1890 1366 2046 1430 mandavi.

402 1471 511 1540 (litavi
534 1471 667 1552 insuper
691 1470 909 1552 peremptorie
933 1477 1045 1552 partes
1070 1471 1247 1552 predictas,
1271 1477 1307 1536 ut
1324 1469 1474 1552 proxima
1490 1477 1611 1550 quarta
1626 1467 1713 1536 feria
1728 1477 1806 1535 ante
1823 1469 1944 1537 lestum
1959 1474 2047 1537 beate

403 1581 591 1663 hlargarete
615 1599 674 1659 per
698 1597 733 1643 se
756 1578 810 1644 vel
834 1597 891 1660 per
908 1597 1018 1643 eorum
1034 1585 1267 1660 procuratores
1284 1577 1317 1643 in
1333 1597 1407 1643 mea
1421 1576 1594 1659 presencia
1609 1583 1839 1658 comparerent
1854 1577 2048 1645 diffinitivam

403 1685 603 1752 sententiam
639 1685 800 1750 auditura.
854 1683 1009 1750 Partibus
1042 1684 1147 1768 igitur
1177 1685 1211 1750 in
1244 1685 1319 1768 ipsa
1352 1691 1472 1765 quarta
1503 1681 1589 1749 feria
1621 1683 1815 1749 continuata
1844 1685 1878 1749 in
1909 1687 2048 1766 quintam

402 1792 520 1859 leriam
548 1795 800 1873 subsequentem
824 1792 856 1856 in
882 1811 953 1857 mee
977 1791 1150 1874 presencia
1173 1791 1374 1871 constitutis,
1399 1811 1471 1856 cum
1494 1811 1536 1855 ex
1559 1796 1655 1872 parte
1673 1843 1679 1855 .
1700 1843 1705 1855 .
1724 1790 1840 1856 decani
1864 1799 1898 1857 et
1922 1793 2050 1874 capituli

403 1901 623 1983 predictorum
654 1905 823 1980 peteretur
854 1898 1028 1980 instanter,
1053 1905 1090 1964 ut
1120 1898 1214 1964 iuxta
1236 1896 1376 1964 formam
1400 1897 1435 1963 in
1458 1897 1607 1963 omnibus
1632 1897 1790 1980 predictis
1813 1898 1936 1964 litteris
1960 1900 2049 1965 michi

403 2006 560 2073 traditam
583 2005 653 2072 sine
678 2006 903 2088 protractione
927 2005 1083 2089 temporis
1106 2005 1264 2088 longioris
1280 2004 1462 2087 predictam
1478 2025 1611 2071 causam
1628 2024 1687 2086 per
1702 2003 1874 2072 diffinitive
1893 2006 2049 2071 sententie

402 2113 561 2180 caleulum
585 2113 762 2180 terminare
786 2133 945 2194 curarem,
971 2114 1196 2195 considerans
1222 2115 1307 2193 quod
1331 2110 1439 2178 iorme
1461 2111 1610 2178 mandati
1633 2118 1753 2177 exacta
1768 2113 1867 2177 debet
1882 2111 2049 2196 diligencia

402 2221 582 2303 observari,
607 2229 675 2287 tam
706 2221 805 2286 dictis
829 2221 962 2287 testium
987 2240 1045 2302 per
1069 2219 1219 2301 prelatos
1237 2273 1243 2284 .
1264 2218 1598 2301 archipresbiterum
1622 2225 1655 2284 et
1673 2271 1679 2284 .
1699 2271 1705 2282 .
1724 2217 1935 2300 prepositum,
1961 2239 2049 2300 quam

403 2351 461 2412 per
491 2349 541 2395 me
571 2327 673 2394 eciam
704 2336 921 2410 receptorum,
947 2347 1072 2393 necnon
1104 2333 1218 2393 tenore
1248 2327 1498 2410 privilegiorum
1526 2328 1759 2407 productorum
1782 2331 1817 2390 et
1839 2324 2048 2390 exhibitomm

403 2457 443 2502 ex
474 2443 568 2519 parte
587 2488 593 2500 .
615 2493 618 2498 .
638 2435 753 2501 decani
784 2442 818 2500 et
848 2434 986 2516 capituli
1016 2434 1239 2517 predictorum
1270 2433 1446 2516 diligenter
1468 2431 1638 2515 inspectis
1663 2431 1740 2514 quia
1763 2431 1874 2498 inveni
1896 2433 1992 2512 bona,
2014 2434 2049 2496 de

403 2544 520 2625 quibus
552 2550 620 2608 tam
652 2543 786 2620 decime,
819 2561 915 2622 quam
950 2562 1032 2608 none
1065 2549 1224 2624 petuntur
1246 2561 1267 2607 a
1289 2594 1295 2606 .
1315 2594 1321 2607 .
1345 2544 1468 2606 decano
1499 2548 1534 2604 et
1563 2539 1709 2620 capitulo
1739 2536 1910 2620 antelatis,
1934 2539 1969 2604 in
1991 2538 2048 2603 illis

404 2649 551 2715 terminis
582 2669 653 2715 esse
685 2649 760 2730 sita,
785 2653 826 2714 de
856 2649 975 2730 quibus
1005 2648 1145 2714 ecclesia
1168 2646 1492 2714 Frankeniordensis
1517 2654 1584 2712 tam
1608 2648 1648 2711 de
1671 2645 1743 2711 inre
1767 2646 1938 2727 communi,
1961 2665 2049 2727 quarn

405 2763 558 2839 pretextu
582 2754 830 2838 privilegiorum
847 2774 978 2821 suorum
1002 2776 1023 2820 a
1046 2763 1203 2837 tempore,
1220 2754 1315 2820 cuius
1330 2774 1395 2819 non
1411 2760 1523 2819 exstat
1542 2752 1708 2834 memoria,
1727 2752 1898 2819 consuevit
1913 2752 2049 2835 recipere

404 2871 438 2929 et
468 2862 595 2946 recepit
625 2862 782 2928 decimam
814 2869 847 2927 et
877 2883 995 2928 nonam
1024 2863 1215 2945 predictam,
1247 2863 1432 2941 attendens,
1464 2863 1548 2941 quod
1573 2859 1696 2925 decime
1719 2858 1784 2925 illis
1807 2860 1998 2941 parrochiis,
2020 2859 2049 2922 in

404 2989 541 3052 quarum
567 2969 714 3035 terminis
737 2971 824 3035 bona
847 2969 1020 3036 decimalia
1043 2969 1239 3050 consistunt,
1261 2971 1300 3034 de
1324 2967 1395 3033 iure
1419 2966 1581 3033 communi
1604 2968 1775 3048 debentur,
1799 2986 1865 3032 non
1880 2967 2050 3032 solumhoc

404 3077 483 3158 iure,
510 3079 565 3142 sed
600 3084 634 3142 et
664 3076 898 3158 imperatorum
930 3083 963 3142 et
993 3095 1106 3160 regum
1130 3076 1350 3142 Romanorum
1375 3073 1558 3156 privilegiis
1582 3073 1729 3154 predicte
1753 3070 2049 3139 Frankenlordensi

404 3183 540 3250 ecclesie
568 3183 742 3264 concessis
769 3181 957 3249 informans
979 3182 1080 3248 animi
1103 3182 1166 3248 mei
1190 3189 1312 3248 motum
1336 3183 1376 3246 de
1400 3184 1597 3262 prudentum
1620 3179 1756 3246 consilio
1780 3185 1815 3245 et
1838 3180 1937 3262 plena
1959 3197 2049 3262 penes

404 3311 454 3357 me
486 3289 726 3356 deliberacione
757 3290 882 3370 habita,
917 3293 1093 3355 secundum
1124 3309 1173 3370 ea,
1205 3308 1267 3369 que
1297 3287 1365 3356 vidi
1395 3293 1429 3353 et
1453 3287 1577 3366 audivi,
1609 3287 1842 3353 sententiando
1866 3284 2046 3368 pronuncio,

404 3397 563 3463 decimam
595 3403 628 3462 et
658 3417 777 3463 nonam
807 3398 847 3462 de
877 3396 943 3462 illis
973 3396 1068 3462 bonis
1099 3396 1169 3463 sive
1200 3399 1239 3460 de
1272 3394 1454 3476 novalibus,
1479 3412 1578 3476 super
1601 3393 1721 3475 quibus
1744 3400 1796 3460 est
1819 3393 1948 3475 questio
1965 3378 2049 3457 â€˜inter

404 3511 527 3586 partes
560 3503 681 3585 potiori
706 3503 776 3570 iure
801 3505 843 3570 ad
867 3503 1039 3569 ecclesiam
1063 3501 1409 3569 Frankeniordensem
1432 3500 1502 3567 sive
1525 3502 1569 3566 ad
1586 3552 1592 3565 .
1612 3551 1618 3564 .
1636 3502 1796 3566 decanum
1819 3505 1854 3566 et
1880 3496 2048 3581 capitulum

403 3611 533 3691 ibidem,
559 3629 656 3691 quam
676 3613 717 3675 ad
743 3609 885 3690 aliquam
909 3609 1132 3693 predictarum
1156 3609 1301 3691 partium
1324 3607 1500 3690 pertinere.
1548 3607 1654 3672 Lecta
1677 3612 1729 3672 est
1751 3607 1813 3672 hec
1835 3604 1996 3672 sententia
2018 3603 2048 3667 in

404 3717 548 3783 claustro
572 3717 706 3782 maioris
730 3717 865 3782 ecclesie
889 3717 1091 3798 hlaguntine.
1141 3717 1236 3782 Anno
1261 3715 1384 3782 domini
1407 3713 1578 3780 millesimo
1602 3713 1825 3780 ducentesimo
1849 3710 2047 3796 nonagesimo

404 3827 556 3905 secundo,
582 3825 638 3889 Vl.
660 3824 733 3889 idus
757 3821 835 3889 iulii.

619 3967 665 4020 Or.
680 3965 766 4032 qut.
805 3965 867 4019 Dos
885 3981 922 4019 aa
940 3965 1251 4036 prou-ooimrsmnur
1269 3965 1449 4034 subducendo
1465 3965 1554 4034 Sieqel
1571 3963 1697 4019 ialeimt
1710 3962 1874 4034 beecbddipt.
1910 3959 2046 4017 stam.

670 4055 769 4108 Barth.
783 4055 822 4108 St.
839 4055 891 4109 No.
905 4057 983 4108 3344.

618 4143 723 4197 (ledae
736 4143 779 4210 1Â³,
798 4147 851 4199 265
870 4144 940 4198 aucit
958 4143 1017 4198 dou
1038 4143 1083 4199 Or.
1106 4185 1111 4197 .

404 4458 495 4535 615.
521 4465 758 4549 Î–Î¸Î¸á¿³Ï‰Î¹Î¸Î¸Î½á½µá½‚Î½
789 4470 822 4531 in
844 4468 966 4532 Sucben
988 4467 1043 4532 cles
1065 4467 1285 4549 Fronhfurlcr
1306 4468 1534 4551 Sliftslcopitels
1556 4491 1655 4554 chcn
1680 4470 1740 4535 den
1762 4471 1914 4552 frtihrrcn
1936 4467 2046 4536 Schedi-

518 4575 601 4638 heiss
626 4573 788 4653 Heinrich,
813 4575 873 4638 cleu
897 4575 1041 4638 Nereidum
1064 4576 1130 4639 occul
1154 4575 1291 4639 Zehntcn
1313 4597 1373 4640 raon
1395 4577 1455 4640 dm
1477 4599 1518 4640 rec
1541 4577 1596 4641 des
1619 4578 1760 4641 Iclstcrcn
1782 4579 1871 4660 llose
1893 4579 2045 4662 petraeque

519 4681 586 4744 aad
616 4702 671 4744 cor
701 4681 770 4744 clera
800 4680 1002 4746 Rcichsroulcl
1031 4681 1180 4746 Drcicicb
1209 4683 1374 4766 pclcqencn
1403 4683 1632 4766 Nocolsclclcrn
1662 4685 1839 4766 bcdrcffencl.
1895 4685 1944 4749 Za
1969 4685 2047 4748 1292

519 4788 592 4854 Juli
616 4794 668 4853 10.
1170 4823 1176 4835 â´

511 4929 659 4996 Intendit
690 4931 830 5010 probare
862 4936 1058 5011 procurator
1080 4983 1086 4994 .
1107 4984 1112 4994 .
1136 4931 1252 4997 decani
1283 4939 1316 4997 et
1339 4985 1345 4996 .
1365 4985 1371 4996 .
1394 4931 1531 5015 capituli
1561 4931 1699 4998 ecclesie
1729 4928 2043 5002 Frankenvordensis

405 5037 533 5104 nomine
564 5037 701 5103 ecclesie
732 5057 790 5103 sne
821 5037 977 5120 predicte,
1003 5040 1089 5119 quod
1119 5037 1245 5104 decima
1275 5046 1308 5104 et
1338 5059 1425 5106 nona
1449 5039 1614 5107 novalium
1638 5059 1792 5122 agrorum
1816 5037 2041 5111 attinenllciom

405 5145 493 5211 curie
510 5143 654 5227 Henrici,
680 5133 843 5225 quondam
867 5145 997 5211 scolteti
1016 5146 1356 5228 Frankenvordensis,
1381 5146 1444 5212 site
1468 5148 1554 5229 apud
1571 5147 1813 5213 Frankcnvord
1837 5154 1913 5213 ante
1933 5160 2038 5211 nemus,

405 5254 489 5334 quod
521 5253 661 5336 l'rpeich
692 5259 911 5335 nuncupatur,
943 5259 1096 5335 spectant
1127 5255 1167 5318 ad
1188 5253 1212 5325 l!
1230 5254 1350 5319 dictam
1382 5252 1553 5320 ecclesiam
1583 5272 1676 5318 suam
1707 5254 2040 5320 Frankenvordenscm

405 5379 445 5425 ex
468 5357 647 5442 largicione
671 5380 783 5442 regum
809 5366 842 5424 et
865 5359 1144 5446 inperÎ‡atorum(i),
1170 5366 1203 5425 et
1227 5364 1311 5442 quod
1336 5361 1426 5426 dicta
1449 5359 1581 5428 novalia
1604 5360 1670 5426 sita
1692 5365 1770 5426 sunt
1791 5358 1881 5426 inira
1903 5356 2039 5424 terminos

405 5465 656 5532 decimationum
687 5466 823 5532 ecclesie
854 5487 910 5532 sue
942 5465 1087 5549 predicte
1119 5467 1458 5537 Frankenvordensis.
1505 5468 1589 5532 Item
1619 5466 1762 5533 intendit
1792 5469 1937 5548 probare,
1965 5460 2037 5542 quod

404 5572 488 5637 idem
506 5572 679 5654 Henricus,
704 5576 867 5654 quondam
883 5574 1051 5654 scoltetus,
1077 5573 1249 5639 ecclesiam
1265 5593 1358 5640 suam
1375 5573 1557 5656 predictam
1573 5573 1694 5656 spoliat
1709 5593 1798 5639 nona
1816 5573 1840 5646 ll
1857 5571 2036 5655 quorundam

406 5699 569 5761 agrorum,
602 5698 682 5759 quos
713 5679 824 5745 colunt
847 5733 852 5744 .
873 5733 878 5744 .
901 5684 1146 5746 commendator
1177 5688 1264 5746 et..
1287 5679 1411 5746 iratres
1441 5681 1474 5746 in
1509 5679 1738 5760 Sassinhusen,
1768 5699 1866 5762 quam
1895 5689 2036 5744 nonanta

406 5784 503 5850 dictis
521 5838 527 5850 ,
547 5838 553 5850 ,
572 5789 833 5852 commendatore
857 5792 890 5852 et
914 5784 1075 5853 fratribus
1098 5787 1172 5870 ipsa
1195 5788 1335 5854 ecclesia
1357 5787 1457 5855 evicit
1481 5806 1540 5869 per
1563 5785 1775 5868 sentenciam,
1800 5797 1834 5853 et
1857 5783 2035 5862 leemps
