4400 6384
380 305 446 372 276
1095 298 1321 355 sacomam.

379 501 645 583 Weinshrodern,
669 497 813 566 Henrioo
845 501 884 566 de
908 497 1117 582 Babenberg,
1143 495 1287 582 Gyploni
1309 499 1350 563 de
1374 497 1514 580 Gurner,
1539 496 1661 565 Thome
1685 500 1725 566 de
1748 497 1862 583 Aquis,
1886 499 2033 570 Henrico

380 609 468 675 dicto
491 607 697 688 Eissenmon,
723 605 896 689 Rudolpho
913 607 953 672 de
973 605 1134 686 Sekbach,
1160 604 1333 687 Rudolpho
1350 607 1390 670 do
1407 605 1635 690 Grunenberg,
1658 607 1826 673 Herburto
1841 607 1876 674 in
1891 609 2030 690 Ηο1100,

380 717 530 782 Conrado
554 712 748 795 Monetario,
773 714 931 780 Wernero
962 711 996 777 in
1020 711 1128 793 Curia,
1160 710 1303 778 Henrico
1327 711 1489 794 Institori,
1514 710 1612 795 Rufo,
1645 713 1792 780 Bruooni
1820 717 1861 780 de
1885 716 2029 798 Colonia,

380 820 535 890 Goswino
560 824 599 887 de
623 820 808 902 Eschbach,
832 819 983 886 Emerico
1008 822 1048 885 de
1071 819 1305 886 Rossenhusch
1328 824 1362 884 et
1384 818 1543 902 magistro
1563 819 1723 902 Eppelein
1746 821 1879 900 sartori,
1904 822 2030 890 civibus

379 925 750 1006 Frankenlurtensibus‚
785 947 824 993 ac
856 925 1030 992 heredibus
1061 929 1237 992 eorundem
1268 925 1354 991 iuste
1384 933 1419 991 et
1447 925 1689 992 rationabiliter
1727 927 1798 992 iure
1830 928 2029 996 hereditario

378 1041 537 1119 perpetuo
562 1033 801 1116 possidendam,
826 1053 866 1100 ea
889 1032 1042 1100 videlicet
1066 1032 1262 1115 conditione,
1286 1035 1372 1114 quod
1394 1031 1492 1098 iidem
1515 1032 1604 1099 cives
1627 1038 1686 1098 aut
1702 1036 1878 1100 eorundem
1893 1036 2030 1103 heredes

379 1141 476 1209 dictis
499 1140 671 1209 Volkwino
702 1141 756 1208 vel
785 1140 853 1206 0110
883 1139 1067 1222 heredibus,
1099 1139 1129 1206 si
1158 1139 1370 1221 decesserint,
1403 1141 1530 1205 dabunt
1553 1146 1586 1206 et
1610 1143 1689 1206 dare
1713 1147 1869 1206 tenentur
1892 1141 2029 1227 singulis

379 1249 474 1316 annis
506 1247 540 1314 in
570 1247 747 1316 nativitate
777 1249 874 1313 beate
904 1245 1043 1331 virginis
1073 1246 1190 1327 Marie,
1222 1246 1359 1329 quilibet
1388 1250 1428 1312 de
1460 1265 1520 1312 sua
1544 1248 1715 1328 apotheca,
1742 1267 1838 1329 quam
1862 1251 2027 1330 conduxit,

379 1362 504 1439 septem
527 1355 648 1421 solidos
672 1353 878 1422 denariorum
895 1353 1143 1434 coloniensium,
1168 1352 1296 1419 nomine
1320 1372 1437 1419 census
1460 1353 1621 1419 annuahs.
1655 1353 1829 1420 Adiectum
1852 1363 1904 1421 est
1920 1356 2027 1437 etiam,

379 1466 465 1545 quod
497 1459 648 1545 prelatus
671 1461 863 1528 Volkwinus
895 1481 961 1526 una
991 1480 1063 1527 curn
1096 1461 1164 1527 suis
1195 1459 1270 1526 liliis
1307 1479 1378 1526 cum
1410 1459 1567 1542 predictis
1597 1459 1724 1527 civibus
1754 1460 1858 1527 stabit
1882 1469 1916 1528 et
1939 1472 2029 1530 stare

379 1577 510 1636 tenetur
540 1568 574 1634 in
603 1568 677 1652 ipso
707 1571 799 1635 domo
832 1567 866 1634 in
896 1569 1067 1652 apotheca,
1100 1575 1135 1634 et
1164 1586 1324 1649 nusquam
1354 1567 1442 1648 ahbi,
1473 1566 1555 1649 ipsis
1584 1568 1752 1649 deputatis
1783 1587 1823 1633 ac
1850 1569 1885 1634 11
1909 1570 2029 1637 eisdem

378 1680 520 1744 vendere
545 1695 620 1742 suos
644 1695 779 1759 pannos.
816 1674 1021 1743 Econverso
1045 1675 1200 1758 prelibati
1223 1674 1312 1743 cives
1336 1673 1436 1740 etiam
1458 1673 1492 1740 in
1509 1677 1622 1741 eadem
1639 1677 1733 1741 domo
1749 1677 1893 1743 vendere
1909 1678 2029 1744 debent

379 1803 455 1851 0100
485 1802 611 1866 pannos
642 1789 676 1848 et
706 1789 796 1849 stare
828 1784 1036 1848 tenebuntur.
1084 1781 1216 1849 Dictum
1245 1781 1429 1864 estetiam,
1454 1784 1539 1863 quod
1564 1779 1898 1864 prefatiVolcwinus
1922 1785 2030 1850 01011

378 1891 515 1957 heredes
537 1888 571 1956 in
594 1888 660 1957 iam
683 1889 773 1956 dicta
796 1892 889 1956 domo
914 1891 1056 1956 debeant
1079 1889 1201 1956 hahere
1225 1895 1258 1955 et
1285 1892 1430 1973 gaudere
1453 1894 1553 1971 stupa
1575 1908 1692 1957 versus
1716 1893 1843 1956 domum
1867 1891 2031 1956 Wobehni

378 2003 412 2063 et
442 2002 557 2080 patere
588 1999 685 2063 debet
717 1995 798 2078 ipsis
821 1995 977 2063 introitus
1001 1999 1041 2062 de
1065 1999 1159 2064 domo
1182 1997 1409 2080 Wolkenburg
1431 1999 1474 2062 ad
1498 1998 1643 2061 eandem.
1691 1996 1782 2062 Idem
1806 1996 2031 2062 0110111011-

376 2101 482 2170 winus
505 2103 539 2169 in
563 2103 637 2186 ipsa
660 2107 753 2170 domo
777 2103 859 2168 Zum
875 2103 1094 2186 Langenhuss
1118 2103 1208 2169 nulla
1231 2101 1309 2170 vina
1333 2104 1430 2169 dehet
1454 2102 1639 2185 propinare,
1665 2102 1729 2168 nisi
1752 2105 1792 2168 de
1816 2122 1948 2170 suorum
1970 2106 2031 2170 fiat

377 2211 547 2279 voluntate
570 2209 809 2292 inquilinorum.
850 2210 882 2277 Sl
908 2209 1007 2276 etiam
1031 2209 1181 2292 predicta
1204 2212 1328 2290 domus,
1353 2217 1412 2274 aut
1435 2210 1594 2291 apothcce
1617 2209 1652 2274 io
1675 2212 1798 2292 eadem,
1824 2210 1933 2290 aliquo
1950 2231 2030 2276 casu

377 2315 588 2400 contingente
609 2337 668 2400 per
683 2315 867 2382 incendium
884 2324 943 2382 aut
958 2315 1086 2382 ruinam
1103 2315 1294 2396 destruitur,
1312 2319 1355 2382 ad
1370 2315 1646 2382 reedificationem
1662 2315 1766 2398 ipsius
1782 2316 2030 2398 prenominatus

376 2423 564 2490 Volcwinus
587 2442 654 2489 una
679 2442 751 2489 cum
775 2422 843 2489 suis
858 2422 1025 2504 inquilinis
1042 2422 1232 2489 reedificare
1249 2429 1390 2504 tenetur,
1415 2429 1449 2488 et
1465 2422 1602 2503 quilibet
1618 2441 1710 2487 suam
1726 2422 1908 2504 portionem
1923 2423 2030 2505 ipsum

377 2529 631 2614 contingentem,
663 2533 748 2610 qood
778 2529 962 2614 vulgariter
994 2529 1115 2596 dicitur
1138 2530 1294 2614 margzal,
1319 2529 1507 2612 persolvere
1530 2531 1637 2594 debet.
1687 2527 1722 2594 si
1751 2549 1830 2596 vero
1863 2528 2030 2595 cellarium

376 2637 480 2720 ipsius
510 2640 623 2704 domos
654 2635 837 2701 destruitur
866 2643 923 2702 aut
951 2637 1079 2704 ruinam
1103 2637 1257 2718 minatur,
1283 2640 1324 2703 ad
1349 2635 1602 2702 reedificandum
1625 2635 1704 2701 illud
1729 2637 1818 2703 solos
1841 2637 2030 2703 Volcwinus

378 2750 436 2810 aut
467 2742 518 2809 sui
541 2744 678 2808 heredes
702 2741 770 2808 suis
793 2742 961 2809 laboribus
986 2751 1019 2810 et
1043 2743 1196 2826 expensis
1220 2763 1279 2826 per
1302 2743 1411 2810 omnia
1433 2743 1643 2809 tenebuntur.
1690 2743 1830 2808 Factum
1853 2748 1905 2809 est
1929 2743 2029 2809 etiam

375 2857 407 2916 et
434 2849 637 2932 promissum,
663 2851 748 2930 quod
775 2851 969 2931 apothecam
1000 2849 1227 2932 anteriorem·
1248 2849 1436 2933 contiguam
1465 2849 1573 2914 domui
1593 2849 1724 2915 Veteris
1746 2849 1886 2928 Monete,
1921 2851 2029 2916 nullus

376 2953 545 3022 aurifaber
575 2961 634 3021 aut
663 2954 845 3036 quicunque
877 2957 962 3021 alter
991 2955 1106 3023 fruens
1135 2957 1211 3040 igne
1242 2956 1428 3022 inhabitare
1459 2958 1557 3022 debet
1587 2959 1732 3022 eandem.
1786 2957 1904 3022 Testes
1933 2957 2029 3022 huius

375 3068 540 3128 tractatus
580 3067 614 3127 et
653 3061 826 3127 locationis
861 3069 938 3128 sunt
973 3063 1035 3131 viri
1069 3062 1219 3130 honesti:
1255 3062 1343 3146 Elya
1378 3063 1538 3128 scultetus
1574 3061 1836 3144 prenominatus,
1868 3062 2029 3128 l’ohadus

375 3169 450 3236 olim
474 3168 646 3249 scultetus,
667 3165 809 3234 Ioannes
826 3165 1001 3251 Goltstein,
1019 3170 1194 3236 Volmarus
1217 3172 1257 3235 de
1273 3169 1463 3250 Ovenbach,
1487 3167 1660 3234 Conradus
1675 3167 1836 3249 Wobelin,
1850 3169 2029 3235 Wernerns

376 3278 416 3342 de
433 3275 634 3356 Wanebach,
661 3275 787 3358 Gypelo
811 3277 852 3341 dc
875 3276 1073 3358 Holzhusen,
1092 3278 1271 3343 Wernerus
1295 3279 1335 3342 de
1358 3277 1526 3356 Flanstat,
1544 3274 1699 3341 Wikerus
1722 3273 1757 3340 in
1772 3276 1885 3356 Ponte,
1911 3277 2030 3341 Petrus

375 3381 617 3463 (1οΕ0011101,
642 3381 830 3447 Hertwicus
855 3383 894 3448 de
910 3381 990 3448 Alta
1013 3385 1118 3465 domo,
1142 3382 1309 3448 Arnoldus
1324 3385 1364 3448 de
1381 3382 1564 3465 Glauhurg,
1589 3381 1726 3463 scabini,
1751 3388 1784 3447 et
1800 3401 1897 3462 quam
1919 3382 2029 3464 plures

374 3487 432 3554 alii
455 3487 544 3555 cives
560 3484 887 3554 Frankenfurtenses
911 3489 974 3554 tide
998 3487 1097 3573 digni.
1134 3490 1175 3555 In
1198 3489 1290 3555 cuius
1313 3489 1361 3555 rei
1384 3487 1606 3555 testimonium
1629 3495 1663 3554 et
1687 3488 1815 3555 roboris
1838 3487 2029 3554 firmitatem

374 3614 455 3661 nos.
476 3647 481 3660 .
501 3595 661 3660 scultetus
686 3601 720 3659 et
743 3593 870 3660 scabini
893 3595 1076 3677 supradicti
1099 3598 1142 3661 ad
1165 3603 1317 3680 rogatum
1341 3595 1484 3677 partium
1503 3614 1605 3677 supro
1620 3593 1865 3681 scriptorumtl)
1887 3595 2031 3677 sigillum

373 3700 602 3768 universitatis
625 3698 944 3767 Franhenlurtensis
968 3701 1177 3784 presentibus
1201 3701 1351 3768 duximus
1375 3704 1614 3784 apponendum.
1653 3702 1775 3767 Actum
1798 3721 1885 3768 anno
1909 3701 2030 3768 domini

372 3827 414 3873 m.
437 3827 482 3874 cc.
505 3807 691 3889 lxxxx,
716 3807 750 3872 in
774 3807 945 3890 dominica,
971 3828 1036 3889 qua
1061 3809 1261 3875 cantabatur
1284 3807 1468 3876 invocavit.

588 3951 667 4006 Nach
686 3951 761 4006 einer
779 3951 967 4022 beqloohigten
986 3950 1127 4016 Ahochritl
1144 3967 1212 4006 0000.
1229 3951 1332 4006 XVII.
1347 3951 1516 4016 Frcnhsurt.
1527 3950 1630 4006 Archiv
1648 3951 1697 4005 der
1709 3951 1863 4005 Freihcrrn
1880 3969 1929 4006 000
1943 3951 2032 4006 Holz-

638 4041 749 4094 101000.
771 4070 803 4077 -
824 4039 982 4105 Grotefcnd.

588 4127 687 4182 Getta:
706 4129 839 4197 Fichcrd,
859 4129 969 4196 Archiv,
988 4128 1014 4198 Ι,
1032 4133 1086 4182 215
1106 4153 1138 4172 =
1158 4129 1202 4194 B,
1221 4132 1283 4183 247.

591 4216 684 4270 Vera:
704 4217 800 4284 (10010,
819 4217 996 4272 Mittclrhet‘n.
1011 4217 1086 4288 seq,
1106 4217 1160 4286 IV,
1180 4219 1233 4272 No.
1250 4221 1327 4272 1738.

371 4583 462 4658 571.
492 4589 524 4656 U
524 4592 603 4656 hieh
626 4612 685 4655 con
709 4590 831 4656 Honore
853 4593 1029 4696 901101ιηί91
1057 4595 1109 4657 die
1136 4616 1205 4659 com
1227 4595 1331 4660 Rmer
1352 4596 1502 4660 1110110111
1524 4619 1584 4662 ron
1606 4595 1818 4662 Morienhorn
1840 4596 1899 4678 fiir
1919 4599 2035 4662 00111011

488 4698 653 4779 Tollesfoll
676 4699 853 4765 oerordneto
882 4699 1106 4785 llbertroqony
1128 4705 1230 4766 seiher
1253 4701 1357 4767 [rhen
1380 4703 1444 4784 ons
1457 4703 1621 4782 Heinrich,
1645 4704 1705 4768 den
1727 4704 1880 4785 friiherro
1901 4702 2035 4768 Fratri·-

485 4807 589 4887 [101ον
612 4807 854 4871 Scholtheissea.
902 4806 1104 4891 111101191οἱ01,
1130 4814 1217 4872 1290
1240 4809 1339 4874 Matre
1363 4815 1415 4875 16.

478 4948 544 5013 Nos
569 4947 701 5013 Ulricus
732 4946 881 5012 dominus
905 4949 945 5012 de
969 4948 1127 5015 Hanowe.
1175 4949 1227 5015 Ad
1251 4949 1478 5017 universomm
1502 4951 1658 5018 noticiam
1681 4957 1796 5016 tenore
1820 4949 2035 5034 presencium

371 5054 519 5136 cupimus
543 5053 727 5136 pervenire,
747 5054 771 5128 ll
789 5057 884 5136 quod,
910 5054 988 5134 quia
1011 5063 1165 5123 strenuus
1189 5056 1242 5125 vir
1257 5057 1451 5125 Richwinus
1475 5058 1568 5124 miles
1591 5061 1632 5124 de
1647 5059 1754 5124 Fonte
1777 5064 1892 5123 sancte
1906 5056 2035 5139 Maris,

370 5161 479 5227 omnia
509 5163 596 5226 hona
625 5180 696 5243 sua,
722 5179 783 5242 que
808 5161 946 5226 anobis
976 5168 1068 5227 tenet
1085 5161 1111 5235 ll
1129 5163 1163 5228 in
1186 5160 1292 5244 feodo,
1317 5163 1475 5230 Heinrico
1504 5166 1665 5245 quondam
1689 5164 1830 5230 sculteto
1854 5164 2038 5231 Franken-

370 5267 534 5348 vordensi,
560 5288 619 5334 suo
647 5275 776 5350 patruo,
802 5273 836 5333 et
866 5267 934 5333 suis
959 5269 1134 5334 heredibus
1158 5269 1335 5336 contulerit
1359 5277 1393 5335 et
1416 5269 1622 5338 ordinaverit
1640 5269 1665 5344 ll
1682 5277 1756 5352 post
1780 5269 1905 5336 obitum
1918 5289 2035 5354 sunm,

370 5395 438 5456 nos,
463 5375 613 5442 volentes
638 5374 822 5455 predictum
837 5374 1030 5440 Heinricum
1054 5383 1212 5458 tanquam
1235 5382 1384 5442 nostrum
1407 5377 1545 5443 militem
1569 5384 1602 5442 01
1626 5383 1828 5443 castrensem
1852 5378 2036 5459 prevenire

369 5478 485 5548 lavore
509 5488 543 5546 et
567 5481 742 5547 dilectione
766 5481 914 5564 speciali,
939 5483 1162 5564 predictorum
1185 5485 1344 5550 honorum
1367 5483 1578 5550 collacionem
1602 5490 1635 5549 et
1658 5483 1902 5550 ordinacionem
1916 5484 2037 5552 eidem

370 5584 495 5653 laetam
527 5593 560 5654 et
590 5588 659 5655 01110
690 5588 866 5655 heredibus
897 5609 956 5672 per
985 5589 1172 5672 predictum
1201 5590 1411 5658 Richwinum
1440 5597 1548 5657 ratam
1579 5596 1612 5656 01
1642 5598 1774 5674 gratam
1803 5591 1966 5657 hahemus
2001 5603 2039 5660 et

634 5786 659 5834 1)
673 5779 792 5835 Vorloac:
806 5779 974 5834 ,1110101011Ι
