4400 6384
405 319 471 387 488
1106 317 1173 370 ran
1193 317 1303 388 august
1321 318 1363 371 ea.

405 533 463 594 per
486 511 695 580 nativitatem
719 511 855 578 masculi
878 531 935 578 seu
960 512 1177 578 masculorum
1200 511 1304 578 vitam
1327 512 1591 580 continuantium
1614 520 1808 596 porrectura
1830 514 1901 581 sire
1921 511 2063 580 investi-

405 625 482 685 tura
513 617 603 685 leodi
633 620 791 685 bonorum
824 617 1081 700 prescriptorum
1113 619 1243 686 filiabus
1275 617 1368 685 facta
1400 619 1531 702 penitus
1563 619 1733 687 evanescit
1765 629 1799 686 et
1830 621 1882 687 ios
1914 629 1950 686 et
1980 639 2063 686 osus

406 724 594 808 possidendi
610 733 644 792 et
659 724 862 808 percipiendi
879 724 1009 791 feodum
1026 725 1245 809 prescriptum
1260 725 1294 792 in
1311 727 1463 792 heredem
1478 727 1658 793 masculum
1669 727 1724 794 vel
1734 728 1872 794 heredes
1883 727 2060 808 masculos,

404 831 544 899 filiarum
568 831 831 900 contradictione
855 839 1016 914 cessante,
1042 833 1176 916 penitus
1198 832 1365 899 residebit.
1412 833 1483 916 Ipsi
1505 833 1640 915 insuper
1655 835 1844 900 Hermanno
1868 835 1992 901 herede
2009 834 2061 901 vel

405 938 580 1006 heredibus
603 939 758 1006 masculis
778 959 842 1006 non
859 939 1059 1022 extantibus
1084 940 1139 1008 vel
1154 940 1183 1006 si
1199 946 1316 1007 extant
1331 939 1402 1006 sine
1416 942 1537 1007 herede
1552 940 1607 1008 vel
1621 941 1796 1007 heredibus
1812 941 2058 1020 decedentibus

403 1045 464 1128 irc,
482 1065 560 1112 usus
577 1054 610 1113 et
627 1051 826 1114 commodum
843 1046 1031 1129 possidendi
1046 1053 1080 1112 et
1096 1047 1299 1131 percipiendi
1314 1045 1445 1112 feodum
1460 1049 1619 1114 honorum
1635 1048 1892 1130 prescriptorum
1907 1048 1943 1114 in
1958 1047 2058 1114 filiam

405 1172 461 1218 seu
485 1153 569 1220 filias
593 1154 775 1220 Hermanni
802 1153 968 1238 legitimas
992 1173 1031 1218 ac
1055 1173 1167 1220 earum
1191 1155 1328 1220 heredes
1352 1161 1386 1220 et
1409 1162 1560 1236 posteros
1583 1154 1747 1238 legitimos
1769 1154 1871 1221 libere
1895 1161 1930 1220 et
1954 1174 2056 1221 vacue

403 1260 606 1326 retransibit.
654 1261 820 1343 Preterea,
846 1261 874 1327 si
884 1261 1069 1343 Wickeros
1094 1281 1181 1326 nunc
1204 1260 1290 1327 filius
1312 1260 1477 1345 legitimus
1494 1261 1667 1328 Colmanni
1681 1264 1721 1327 de
1738 1261 1928 1342 Ovenbach,
1954 1261 2011 1326 rel
2033 1261 2056 1326 si

404 1367 515 1448 plures
531 1387 591 1449 per
606 1366 816 1434 nativitatem
832 1365 977 1434 futuram
994 1368 1150 1434 habuerit
1167 1367 1253 1434 idem
1269 1369 1468 1434 colmannus
1484 1368 1578 1449 lilios
1602 1371 1664 1435 dec
1680 1371 1790 1451 dante,
1815 1368 1885 1434 sine
1901 1366 2055 1452 legitimis

403 1473 605 1540 decesserint
621 1474 805 1556 heredibus,
830 1474 891 1556 ius,
917 1494 995 1541 usus
1013 1481 1046 1540 et
1062 1477 1264 1541 commodum
1280 1474 1482 1557 percipiendi
1496 1472 1628 1541 feodum
1644 1481 1679 1540 et
1694 1474 1883 1558 possidendi
1897 1477 2054 1541 bonorum

404 1579 659 1662 prescriptorum
671 1581 705 1647 in
717 1580 818 1648 filiam
831 1601 888 1648 seu
901 1580 985 1648 filias
996 1581 1168 1648 Colmanni
1180 1581 1345 1665 legitimas
1357 1601 1397 1648 ac
1409 1600 1522 1648 aarum
1533 1582 1671 1648 heredes
1684 1588 1718 1647 et
1730 1589 1880 1664 posteros
1893 1581 2053 1665 legitimos

403 1684 505 1752 libere
522 1693 556 1752 et
572 1706 675 1752 vacue
693 1687 1060 1770 perpetuo'remanebit.
1101 1687 1148 1752 Et
1163 1688 1393 1754 renunciamus
1409 1687 1538 1770 publice
1554 1694 1589 1753 et
1605 1707 1760 1771 expresse
1776 1687 2012 1754 constitutioni
2025 1697 2053 1754 et

403 1791 477 1876 legi,
503 1812 565 1874 que
588 1790 728 1859 feminas
753 1813 773 1859 a
797 1795 1003 1861 successione
1028 1801 1061 1860 et
1085 1795 1291 1876 possessione
1315 1792 1404 1860 feodi
1427 1794 1588 1878 prohibet,
1614 1814 1653 1860 ac
1673 1793 1873 1878 generaliter
1889 1794 1982 1861 omni
1998 1794 2053 1860 iuri

403 1899 560 1966 canonico
591 1906 624 1966 et
654 1899 751 1982 civili,
777 1900 865 1968 omni
894 1901 1096 1984 exceptionis
1127 1907 1161 1966 et
1190 1899 1390 1968 defensionis
1421 1921 1483 1983 ope
1512 1901 1594 1967 iuris
1617 1909 1652 1966 et
1675 1899 1767 1982 iacti,
1792 1920 1855 1984 que
1878 1901 1979 1967 nobis
2001 1909 2052 1967 aot

404 2005 647 2073 suecessoribus
677 2007 800 2073 nostris
831 2015 967 2090 possent
996 2008 1084 2075 viam
1114 2027 1172 2074 seu
1202 2007 1374 2074 materiam
1404 2027 1564 2091 generare
1595 2007 1753 2090 predictis
1783 2006 1993 2090 oppositione
2017 2027 2050 2073 ac

404 2112 663 2180 contradictione
686 2113 767 2180 iuris
791 2121 825 2180 et
849 2113 932 2180 facti
955 2115 1143 2197 aliqualiter
1165 2114 1350 2181 resistendi.
1397 2116 1438 2180 In
1460 2114 1556 2180 hrrius
1576 2114 1774 2182 investiture
1790 2122 1823 2180 et
1839 2113 2050 2197 porrectionis

403 2219 665 2301 permanenciam
696 2227 729 2287 et
759 2221 911 2304 perpetui
939 2221 1067 2288 roboris
1090 2221 1279 2288 firmitatem
1303 2223 1418 2287 damus
1442 2227 1614 2303 presentes
1636 2221 1769 2287 litteras
1792 2221 1910 2305 sigillis
1934 2219 2050 2287 nostris

403 2325 543 2392 fideliter
566 2327 792 2394 communitas.
840 2329 963 2395 Datum
979 2335 1013 2394 et
1029 2334 1161 2412 actum·
1180 2347 1266 2395 enno
1282 2328 1405 2395 domini
1418 2327 1587 2394 millesimo
1604 2322 1670 2393 cic.
1687 2307 1760 2408 X⁰l.,
1785 2335 1879 2394 sexto
1896 2327 2051 2393 kalendas

326 2523 328 2528 Ι
403 2433 545 2517 augusti.
592 2433 804 2501 Presentibos
836 2434 977 2501 testibus
1007 2433 1240 2518 infrascriptis,
1271 2434 1441 2501 videlicet:
1465 2434 1609 2500 Volrado
1635 2434 1798 2501 scoltheto
1821 2435 2050 2500 Frankenror·

404 2539 510 2622 densi,
543 2543 693 2606 Conrado
725 2544 764 2606 de
794 2541 975 2624 Erlebach,
1008 2541 1122 2608 Tilone
1154 2545 1193 2608 de
1223 2541 1421 2624 Beltersem,
1454 2539 1612 2608 Craltone
1641 2541 1761 2608 iuniori
1790 2543 1831 2606 de
1861 2541 2048 2620 Beltersem,

406 2643 534 2712 Sillrido
559 2651 593 2712 et
616 2645 744 2712 Sidrido
775 2644 936 2713 fratribus
967 2648 1065 2714 dictis
1089 2651 1129 2714 de
1153 2655 1269 2714 sancto
1293 2648 1422 2730 ilibino,
1447 2647 1621 2731 militibus;
1649 2646 1777 2715 Siiirido
1803 2651 1843 2713 de
1867 2647 2049 2717 Gisenhcm

404 2750 573 2835 Wigelonc
604 2755 644 2818 de
670 2753 873 2836 Wanebach,
899 2754 1069 2839 Wigelone
1099 2755 1187 2821 dicto
1219 2774 1335 2822 vanme
1358 2755 1518 2834 l'rosche,
1550 2752 1671 2821 Adolio
1701 2753 1789 2820 dicto
1819 2753 2048 2836 Knobelloych

402 2859 561 2943 magistro
574 2860 771 2942 Ebirhardo,
789 2861 918 2928 notario
936 2861 1082 2928 civitatis
1094 2861 1435 2942 Frankenrordensis
1453 2869 1487 2927 et
1503 2860 1577 2928 aliis
1592 2880 1690 2942 quam
1705 2859 1855 2943 pluribus
1869 2859 2049 2943 fidedignis.

618 2992 664 3049 Or.
679 2995 767 3063 Ppml.
806 2995 851 3048 Aa
875 3001 982 3064 pronon
1001 2994 1185 3061 Seiderrfdden
1209 2997 1318 3064 hdnpea
1338 2995 1383 3048 die
1399 3011 1512 3064 procrea
1530 2993 1707 3064 Reiteraiepcl
1724 2993 1773 3047 der
1792 2993 1886 3048 beiden
1905 2993 2051 3046 summer

667 3101 713 3138 oo.
752 3084 920 3152 Frorrlcsiot,
939 3085 1042 3139 Archiv
1060 3085 1109 3138 der
1128 3084 1295 3138 Freiherren
1314 3101 1365 3138 coo
1384 3084 1569 3138 Hebhaueen.
1590 3114 1623 3120 -
1643 3081 1803 3147 Grotefend.
1847 3081 1892 3134 Im
1910 3080 2051 3136 Gelidum

668 3173 858 3228 Sloolsorchiv
882 3190 917 3228 eu
936 3174 1033 3228 Berlin
1059 3173 1173 3241 befiudel
1197 3172 1254 3228 oieb
1273 3173 1317 3226 aa
1336 3189 1393 3228 eom
1413 3171 1604 3237 Franksertcr
1622 3171 1713 3226 Ralhc
1730 3171 1912 3241 oroegcstelllec
1928 3169 2051 3223 Vidimus

668 3279 721 3317 oon
740 3265 810 3317 1525
828 3261 941 3317 Junoor
958 3265 995 3317 20
1014 3261 1080 3332 (auli
1098 3261 1194 3330 lrytag
1212 3261 1282 3315 nath
1300 3259 1441 3329 Authcuii)
1459 3261 1509 3314 mit
1527 3261 1586 3314 dem
1603 3261 1710 3315 ticinen
1729 3259 1899 3330 Sladtaiepel.

617 3351 840 3420 Gedr.:(1'udea‚
862 3351 1175 3422 cod.1)ipr.,l⁷,100e‚
1204 3351 1396 3420 Smclcnbcrp,
1414 3351 1574 3420 Sammlunq
1598 3365 1678 3404 rerer
1702 3349 1762 3404 aad
1780 3347 2051 3419 repedaSchrisleo,

668 3441 723 3510 rr,
741 3445 794 3495 err
821 3440 872 3506 ,ao
891 3441 1010 3510 origine
1034 3440 1216 3509 (faremo),
1245 3441 1287 3507 a,
1308 3444 1359 3495 395
1378 3441 1465 3508 „aaa
1484 3439 1628 3504 scursa
1645 3439 1759 3494 rauna
1776 3438 1880 3492 uma
1898 3453 1950 3492 m
1970 3437 2052 3492 orau-

670 3530 764 3600 burp“.
802 3531 929 3601 Auoeup:
948 3531 1075 3598 Lereocr,
1094 3529 1160 3598 He,
1181 3535 1240 3584 186.

622 3619 713 3674 Vera:
731 3619 837 3689 Scriba,
856 3621 881 3688 I,
902 3619 953 3674 No.
968 3621 1020 3674 765
1039 3619 1095 3686 auf
1112 3619 1236 3689 ,Roden“
1258 3619 1379 3689 haagen.

402 3875 494 3953 944.
518 3887 672 3972 Herlroip,
703 3891 753 3955 die
784 3891 902 3956 ll'ittue
931 3887 1103 3954 Friedrich
1132 3888 1362 3966 Koclrelhorts,
1393 3893 1534 3953 erueuert
1565 3888 1631 3952 ihre
1660 3887 1848 3970 Schenhorrp
1878 3906 1937 3950 ron
1968 3889 2054 3947 13υὸ

517 3995 590 4060 Jult
621 3995 684 4061 13¹
715 4019 759 4062 aa
792 3999 852 4063 clus
882 3996 1015 4062 Klosler
1044 3997 1228 4080 Arrectum,
1260 4001 1350 4060 temer
1379 3996 1599 4078 Abdoderuup
1634 3997 1753 4079 einiger
1782 3993 2053 4076 Beslinrmuugen.

518 4108 604 4168 1311
629 4103 834 4190 1111913129.

508 4236 581 4320 Ego
611 4239 811 4323 Hedewigis,
842 4239 960 4305 relicta
990 4241 1152 4320 quondam
1175 4236 1345 4303 Frederici
1375 4235 1455 4302 dicti
1477 4235 1683 4316 Kachilhart,
1715 4234 1796 4303 civis
1819 4233 2056 4301 Fraukenvor·

402 4343 522 4427 densis
555 4345 703 4411 omnibus
729 4345 753 4420 il
778 4352 949 4428 presentes
979 4346 1104 4412 litteras
1135 4345 1297 4411 audituris
1327 4364 1384 4410 seu
1415 4342 1536 4410 visuris
1566 4342 1695 4424 publice
1725 4359 1936 4425 recognosco,
1969 4340 2056 4420 quod

403 4452 520 4518 mentis
551 4473 683 4536 conpos,
709 4473 789 4520 sane
820 4455 1041 4534 dellliberata,
1068 4473 1126 4535 spe
1157 4451 1274 4518 salutis
1305 4459 1337 4517 et
1367 4449 1520 4517 memorie
1551 4457 1673 4530 eterne,
1700 4451 1829 4516 domum
1851 4465 2056 4528 meamque

402 4562 565 4641 quondam
594 4559 658 4626 luit
681 4561 849 4629 Wasmirdi
879 4561 1059 4644 pislltoriS,
1091 4580 1178 4626 nunc
1208 4559 1382 4641 lapidibus
1413 4555 1591 4636 laboribus
1622 4555 1806 4638 sumptibus
1837 4563 1872 4620 et
1898 4551 2057 4634 expensis

402 4675 583 4734 conventus
615 4690 653 4734 ac
685 4670 877 4736 monasterii
905 4670 938 4736 in
963 4669 1156 4762 Arnesbiirg
1178 4669 1268 4734 laute
1292 4671 1525 4745 constructam,
1551 4681 1623 4728 cum
1647 4664 1741 4729 domo
1764 4661 1876 4744 lignea
1895 4659 2057 4743 contigua

402 4782 435 4840 et
466 4793 537 4840 com
569 4795 648 4842 area
679 4797 809 4843 annexa
835 4784 867 4844 et
892 4777 1092 4862 generaliter
1116 4796 1188 4842 com
1212 4775 1360 4841 omnibus
1384 4769 1574 4838 attinenciis
1597 4777 1631 4836 et
1654 4788 1727 4835 cum
1750 4767 1838 4836 omni
1861 4787 1964 4834 onere
1988 4785 2056 4843 suo,

402 4885 500 4951 sitam
523 4885 556 4950 in
582 4906 682 4952 cornu
707 4907 746 4952 ex
771 4886 922 4970 opposito
947 4886 1036 4951 curie
1059 4883 1252 4950 monasterii
1274 4883 1476 4967 Arnespirrg,
1502 4882 1682 4950 donacione
1704 4881 1792 4948 inter
1815 4883 1909 4950 uiros
1935 4881 2058 4948 donari

402 5001 433 5059 et
458 4993 535 5059 dedi
557 5001 591 5059 et
615 4995 822 5075 presentibus
846 4993 1028 5059 liberaliter
1051 4995 1091 5059 do
1117 4999 1150 5058 et
1174 4994 1257 5058 dono
1282 4997 1316 5056 et
1339 4989 1577 5073 possessionem
1600 4992 1706 5072 trado,
1732 5010 1820 5057 mere
1841 4991 2058 5058 liberalitatis

402 5099 520 5182 officio,
554 5101 772 5182 corporalem,
804 5101 1012 5183 presentibus
1043 5099 1184 5165 testibus
1215 5098 1411 5180 subscriptis
1442 5105 1475 5164 et
1506 5100 1622 5164 adesse
1651 5097 1796 5181 rogatis,
1826 5096 1996 5181 religiosis
2026 5106 2057 5164 et

401 5208 529 5275 devotis
561 5207 641 5275 uiris
660 5261 666 5273 .
687 5259 692 5273 .
712 5207 827 5274 abbati
857 5229 896 5274 ac
914 5259 920 5272 .
940 5261 946 5274 .
966 5206 1142 5274 conventui
1173 5227 1211 5273 ac
1241 5202 1337 5288 ipsob
1367 5205 1565 5272 monasterio
1596 5205 1629 5270 in
1652 5204 1846 5289 Arnespdrg
1871 5203 1951 5271 iure
1983 5225 2058 5287 pro·

403 5315 554 5398 prietatis
586 5323 619 5381 et
650 5315 782 5382 dominii
813 5321 972 5398 perpetuo
1004 5314 1243 5397 possidendam.
1290 5313 1375 5379 Item
1404 5331 1614 5396 recognosco,
1638 5314 1734 5394 qood,
1759 5310 1946 5378 donacione
1971 5311 2059 5379 inter

400 5421 495 5489 viros
527 5442 584 5504 per
615 5422 818 5505 corporalem
849 5421 1062 5488 tradicionem
1093 5424 1207 5487 domos
1231 5424 1352 5486 donate
1375 5419 1527 5504 legaliter
1550 5418 1719 5502 coorpleta,
1746 5417 1840 5485 titulo
1861 5425 1901 5483 et
1927 5421 2058 5485 nomme

402 5529 629 5595 conductionis
661 5533 788 5596 domum
819 5532 974 5595 donatam
1006 5527 1147 5594 conduxi
1177 5547 1236 5610 pro
1268 5525 1402 5592 dimidia
1430 5525 1516 5592 libra
1546 5545 1619 5592 cere
1642 5524 1781 5610 singulis
1805 5521 1902 5592 annis
1928 5525 2058 5593 nomine

668 5675 693 5722 ι)
709 5668 759 5712 Vua
774 5669 828 5711 hier·
843 5668 872 5712 ab
887 5668 977 5712 arrdel'e
992 5667 1075 5712 Hand.
1106 5669 1131 5721 h)
1147 5667 1194 5710 So!

456 5778 462 5808 ¹
484 5777 541 5848 Vol.
557 5778 623 5832 oben
642 5778 696 5833 No.
711 5781 769 5834 906.
