4400 6384
1020 285 1089 341 1235
1109 285 1220 356 Augeat
1237 286 1256 340 3
1275 315 1309 327 -
1328 286 1399 340 1286
1417 285 1494 340 lltrz
1514 288 1537 341 1.

666 481 748 536 θεάν.
768 482 838 536 auch
863 483 922 536 dem
943 481 1006 536 Oc:
1030 480 1062 534 P.
1078 487 1104 536 rt
1121 482 1162 548 P,
1181 482 1207 550 I,
1226 485 1250 550 3,
1271 483 1314 551 II,
1333 487 1358 547 3,
1373 505 1407 528 =
1422 482 1594 553 Geprrlndete
1613 482 1895 554 Gepminformction,
1912 483 1976 551 III,
1993 485 2082 554 Balupr

719 571 771 626 Νο.
787 575 821 626 69
834 594 866 618 --
880 571 962 638 Bari,
987 571 1185 638 Bannsoretem
1203 572 1267 627 Urlr.
1288 572 1340 626 No.
1354 576 1390 626 89
1403 595 1435 616 =
1450 571 1585 626 eractio
1608 571 1739 626 tormer
1764 587 1852 640 arpen
1876 573 1923 626 dea
1942 573 2082 626 Leinacunl-

717 661 815 715 lrouses
834 663 912 728 1726,
931 663 973 714 66.
1011 661 1114 730 Lelnip,
1133 661 1167 714 R.
1182 661 1215 715 A.
1230 665 1273 728 13,
1292 665 1352 716 558.
1390 661 1434 730 B,
1454 665 1496 715 61.
1510 683 1543 706 =
1558 660 1798 728 martura-Bra,
1817 661 1836 714 1
1842 661 1871 729 V,
1891 665 1952 716 725.

671 750 762 804 Vera:
780 749 874 818 B.-F.,
895 750 946 804 No.
961 753 1038 804 4382.

452 1048 542 1125 108.
568 1056 669 1138 Papst
694 1056 818 1138 Grepor
833 1053 897 1118 IX.
923 1059 1033 1118 rrr'oroct
1055 1055 1116 1118 dea
1141 1053 1256 1136 Propst
1281 1055 1346 1118 cerui
1367 1055 1418 1118 die
1449 1058 1577 1137 recipere
1600 1055 1792 1118 Srlrrccslerrc
1824 1061 1865 1121 im
1890 1055 2020 1119 Kloster
2043 1057 2084 1119 der

566 1164 700 1247 heiligen
722 1162 836 1227 Maria
860 1162 1056 1246 Mupdulercu
1088 1185 1128 1226 ru
1154 1161 1346 1244 Frondfurt,
1383 1163 1470 1226 rrcbsd
1497 1163 1586 1226 ibren
1615 1162 1830 1247 Brsr'trunycn
1861 1168 1894 1226 ire
1922 1168 2024 1227 seneca
2050 1165 2084 1221 lr-

565 1271 718 1336 soruleren
740 1270 865 1335 Sedete.
914 1268 1065 1354 Pertrpin,
1092 1274 1178 1334 1235
1204 1268 1333 1353 Aupust
1355 1276 1386 1332 3.

558 1411 739 1496 Gregorius
763 1411 936 1494 episcopus
960 1429 1076 1476 servus
1100 1429 1270 1476 servorum
1293 1409 1354 1476 dei.
1391 1408 1530 1475 Dilectis
1545 1408 1647 1476 liliis.
1674 1463 1681 1476 .
1706 1411 1872 1493 preposito
1889 1419 1922 1477 et
1940 1411 2085 1477 sororibus

451 1519 674 1602 penitentibus
697 1517 918 1590 monallsterii
941 1524 1055 1583 sancte
1071 1515 1176 1581 blarie
1193 1515 1389 1598 Magdalene
1412 1515 1445 1582 in
1463 1515 1720 1598 Vranchenlurt,
1745 1517 1940 1600 blaguntine
1957 1518 2084 1582 diocesis.

451 1626 590 1692 salutem
620 1632 654 1690 et
684 1623 898 1707 apostolicam
928 1621 1197 1689 benedictionem.
1245 1626 1324 1688 (lum
1356 1642 1377 1689 a
1409 1621 1504 1688 nobis
1536 1622 1661 1704 petitur
1674 1623 1699 1696 ll
1717 1626 1803 1704 quod
1835 1623 1959 1690 iustum
1991 1632 2038 1688 est
2062 1636 2085 1687 et

450 1734 631 1814 honestum,
663 1738 732 1797 tam
755 1730 850 1814 vigor
880 1728 1036 1811 equitatis
1060 1749 1157 1811 quam
1181 1732 1260 1795 ordo
1291 1729 1394 1812 exigit
1424 1729 1572 1811 rationis
1604 1736 1641 1795 ut
1671 1730 1703 1796 id
1735 1751 1794 1813 per
1824 1730 2085 1802 sollicilltudiaeu

451 1838 546 1904 officii
568 1837 673 1905 nostri
697 1841 738 1904 ad
763 1836 907 1903 debitum
930 1838 1132 1918 perducetur
1155 1835 1332 1902 ellectum·
1351 1836 1549 1918 Eapropter,
1564 1836 1675 1903 dilecti
1696 1837 1731 1902 in
1747 1835 1875 1903 domino
1891 1837 1962 1913 tilii,
1987 1837 2086 1902 restris

449 1945 545 2011 iustis
570 1944 846 2027 postulationibus
869 1951 966 2026 grato
991 1948 1223 2009 concurrentes
1248 1962 1395 2024 assensu,
1420 1960 1579 2024 personas
1601 1951 1734 2009 vestras
1755 1950 1787 2009 et
1803 1943 2086 2009 monasteriumin

451 2070 513 2132 quo
538 2051 647 2118 divino
671 2049 801 2118 vacatis
828 2050 993 2131 obsequio,
1028 2069 1099 2115 cum
1133 2048 1281 2115 omnibus
1313 2049 1418 2130 banio,
1453 2069 1515 2130 que
1546 2049 1831 2132 impresentiarum
1862 2049 2088 2116 rationabiliter

450 2157 597 2239 possidet
621 2164 679 2224 aut
701 2157 735 2223 in
760 2157 907 2224 futurum
930 2156 1026 2223 iustis
1049 2155 1154 2222 modis
1177 2162 1349 2238 prestante
1373 2155 1501 2222 domino
1518 2156 1640 2238 poterit
1656 2155 1803 2238 adipisci,
1828 2158 1888 2222 sub
1908 2157 2003 2222 beati
2016 2156 2087 2221 Petri

451 2270 485 2329 et
508 2271 623 2330 nostra
646 2265 850 2348 protectione
874 2263 1077 2346 suscipimus.
1119 2261 1313 2344 specialiter
1336 2270 1446 2328 autem
1470 2269 1588 2337 terras,
1613 2263 1838 2345 possessiones
1862 2283 1900 2328 ac
1926 2263 1996 2329 alia
2009 2266 2087 2328 bona.

451 2391 512 2452 que
536 2370 768 2437 monesterium
799 2370 906 2453 ipsum
935 2390 975 2436 ex
1007 2369 1062 2452 pia
1093 2368 1303 2435 concessione
1326 2369 1469 2435 fidelium
1501 2368 1657 2435 canonice
1690 2369 1873 2451 proponitis
1907 2378 2087 2436 assecutum.

451 2477 537 2543 sicut
560 2497 600 2544 ea
615 2476 724 2544 omnia
737 2478 823 2544 iuste
840 2498 879 2543 ac
895 2475 1029 2559 pacifice
1047 2475 1232 2559 possidetis,
1257 2475 1351 2543 vobis
1371 2482 1405 2541 et
1420 2475 1523 2542 eidem
1538 2475 1738 2543 monasterio
1755 2496 1815 2558 per
1828 2495 1889 2543 vos
1905 2476 2088 2542 auctoritate

450 2583 634 2666 apostolica
657 2585 884 2650 confirmamus
908 2590 942 2649 et
965 2582 1128 2666 presentis
1152 2582 1268 2664 scripti
1290 2580 1473 2664 patrocinio
1498 2582 1739 2648 communimus.
1776 2582 1864 2648 Nulli
1879 2602 1961 2666 ergo
1978 2583 2088 2648 omnmo

450 2691 614 2757 bominum
636 2689 736 2756 liceat
758 2690 843 2755 hanc
867 2689 1020 2773 pagiuam
1052 2697 1166 2755 nostre
1190 2687 1404 2770 protectionis
1434 2695 1467 2754 et
1497 2688 1752 2755 confirmationis
1781 2687 1965 2772 infringere
1995 2690 2045 2755 rel
2068 2689 2089 2752 ei

451 2816 533 2862 ausu
557 2795 732 2863 temerario
756 2796 930 2862 contraire.
979 2796 1086 2877 Siquis
1111 2802 1219 2862 autem
1247 2796 1307 2861 hoc
1339 2801 1539 2878 attemptare
1569 2797 1815 2878 presumpserit,
1845 2795 2090 2880 indignationem

451 2902 683 2985 omnipotentis
707 2901 758 2968 dei
783 2908 816 2968 et
839 2904 1010 2969 beatorum
1033 2902 1125 2968 Petri
1148 2909 1182 2968 et
1204 2901 1300 2968 Pauli
1323 2901 1545 2984 apostolorum
1569 2902 1640 2968 eius
1669 2922 1704 2968 se
1735 2902 1864 2970 noverit
1886 2902 2088 2970 incursumm.

451 3010 575 3076 Datum
596 3007 733 3091 Perusii,
757 3008 820 3074 III.
845 3028 950 3076 nonas
974 3009 1117 3092 augusti,
1142 3007 1353 3090 pontificatus
1377 3008 1483 3074 nostri
1505 3028 1591 3074 anno
1615 3028 1710 3074 nono.

666 3150 713 3206 Or.
725 3150 814 3220 Ppmt.
834 3150 883 3203 mil
901 3149 983 3204 Balle
1003 3168 1041 3205 on
1058 3151 1213 3221 peroratura
1232 3151 1339 3204 Fddea.
1378 3150 1416 3204 St.
1431 3150 1465 3204 Δ.
1480 3150 1532 3205 Fr.
1552 3149 1856 3216 Weiarfrauertlelocter:
1880 3149 2090 3213 Fremetaortep

715 3239 774 3293 aad
796 3239 945 3294 Urkunden
964 3239 1017 3293 No.
1031 3243 1056 3293 4.

663 3328 763 3384 Greia:
780 3328 907 3396 Lorne,
926 3324 997 3396 Hb,
1016 3331 1060 3382 86.
1097 3327 1141 3394 B,
1161 3330 1197 3381 62
1215 3343 1267 3381 aaa
1285 3327 1343 3381 dem
1364 3327 1410 3382 Or.
1431 3369 1437 3380 .

667 3418 760 3472 Vera:
779 3417 913 3485 Pottltast,
933 3417 986 3471 No.
1000 3420 1079 3471 9981.
1117 3415 1238 3480 Franks.
1253 3417 1345 3470 Micca.
1364 3417 1412 3481 VI,
1431 3419 1491 3469 315.

450 3729 541 3806 109.
564 3739 632 3804 Der
655 3739 848 3805 Scbrdtheiss
871 3738 1003 3820 Etaieis,
1028 3739 1078 3802 die
1101 3739 1248 3820 Schdffea
1270 3739 1336 3803 iered
1359 3739 1490 3822 Bir'rper
1516 3761 1573 3802 rore
1598 3737 1781 3821 Fructificet
1812 3741 2002 3819 rerliindrm,
2031 3742 2093 3804 dass

564 3848 614 3911 dic
637 3846 767 3910 Brt'r'der
790 3845 845 3909 des
868 3847 1001 3930 bellipra
1025 3846 1184 3910 Arctom'us
1209 3847 1275 3909 ihre
1297 3845 1479 3928 Mitbiirqer
1501 3846 1666 3928 percordcn
1695 3847 1769 3910 sind
1798 3847 1865 3910 tund
1887 3848 1991 3912 daher
2022 3854 2095 3910 reato·

564 3954 780 4018 lroc'serlc‘cbem
803 3953 934 4018 Scbectre
963 3955 1075 4018 slehen.
1126 3952 1275 4037 Zuplcirb
1306 3953 1507 4017 beacrdrmdrrt
1535 3956 1590 4031 sic,
1623 3953 1701 4017 dass
1726 3953 1877 4018 Bertbold
1900 3953 2021 4019 Bresto
2048 3955 2093 4015 dea

564 4060 717 4124 Briidern
743 4063 849 4123 scinco
878 4081 934 4123 cor·
963 4061 1032 4124 dem
1058 4059 1160 4125 There
1188 4081 1287 4144 popm
1311 4059 1554 4144 Preunpeslreim
1584 4083 1625 4123 ra
1655 4061 1819 4144 peleprnra
1841 4060 1916 4140 Hos
1942 4061 2094 4146 pereleum

564 4167 651 4231 liobe.
700 4171 787 4230 1236
810 4166 909 4231 Mdrr
926 4173 955 4230 1.

556 4310 589 4374 C.
608 4305 793 4374 Ludolfus⁸
816 4307 986 4390 scultetus
1019 4307 1145 4373 scabini
1168 4314 1201 4373 et
1225 4307 1371 4374 universi
1395 4307 1483 4374 cives
1509 4311 1549 4373 de
1573 4306 1834 4375 F'rankenlort.b
1872 4309 2005 4377 'fenore
2036 4328 2095 4391 pre

449 4415 593 4482 sencium
616 4415 821 4481 innotescere
846 4413 992 4496 cupimus
1015 4413 1179 4482 universis
1203 4423 1387 4496 presentem
1412 4413 1566 4497 paginam
1588 4414 1719 4495 visuris
1744 4418 1830 4496 quod
1845 4413 1974 4483 fratres
1996 4420 2095 4483 domus

448 4523 539 4588 beati
562 4522 698 4588 Antonii
721 4528 833 4588 nostre
857 4520 1003 4588 civitatis
1028 4521 1179 4589 concives
1203 4529 1280 4586 sunt
1302 4519 1410 4586 ellecti
1439 4529 1473 4586 et
1497 4524 1608 4587 eodem
1631 4521 1711 4600 iure,
1737 4541 1800 4603 quo
1824 4529 1858 4587 et
1880 4542 1952 4604 nos,
1987 4525 2096 4608 gaude

448 4631 531 4695 bunt
554 4629 680 4712 pariter
703 4636 737 4694 et
760 4630 892 4696 honore.
923 4628 1124 4713 Quicumque
1146 4628 1249 4712 igitur
1271 4627 1337 4694 iam
1360 4627 1466 4693 dictos
1490 4626 1614 4692 iratres
1637 4627 1752 4694 autin
1776 4625 1859 4715 [1η]ο
1873 4631 2028 4710 personis
2049 4640 2094 4693 aut

448 4737 481 4802 in
505 4739 603 4803 rebus
636 4736 744 4818 aliquo
775 4736 867 4803 modo
897 4755 1039 4818 gravare
1073 4735 1318 4818 presumpserit,
1351 4733 1507 4800 offensam
1537 4741 1570 4799 et
1600 4733 1863 4816 indignacionem
1891 4735 2095 4818 imperatorie

449 4843 651 4910 celsitudinis
675 4863 710 4909 se
734 4843 863 4909 noverit
891 4842 1039 4926 graviter
1068 4842 1255 4909 incurrisse.
1302 4843 1460 4907 Preterea
1484 4837 1705 4907 Bertholdusd
1719 4843 1838 4908 Bresto
1870 4845 1995 4910 ductus
2025 4846 2096 4907 turno

449 4951 517 5017 zelo
532 4951 652 5016 eisdem
670 4949 829 5016 iratribus
845 4950 986 5015 curtim⁰
1000 4970 1102 5032 suam,
1128 4969 1190 5031 que
1213 4949 1279 5015 sita
1294 4957 1346 5014 est
1361 4949 1455 5014 iuxta
1471 4955 1600 5031 portam
1616 4968 1731 5015 versus
1747 4947 2057 5034 Bruningisheyms
2071 4950 2096 5013 in

448 5057 624 5124 remedium
648 5057 753 5122 anime
778 5076 844 5139 sue,
874 5077 999 5123 necnon
1022 5057 1135 5123 uxoris
1158 5076 1225 5137 sue,
1240 5055 1580 5135 Gerhildisvidelicet‚
1606 5055 1745 5120 contulit
1768 5055 1987 5138 proprietatis
2012 5056 2096 5123 titulo
2151 5114 2152 5127 ,

447 5165 549 5230 libere
573 5164 811 5246 possidendam.
850 5163 957 5230 Huius
981 5164 1092 5245 itaque
1115 5164 1295 5247 legacionis
1320 5169 1422 5228 testes
1446 5170 1538 5229 sunt:
1564 5163 1772 5228 Hermannus
1795 5163 1905 5246 Niger,
1930 5165 2096 5230 ,lebannes
2151 5146 2152 5161 ¹

448 5271 556 5338 dictus
580 5270 738 5354 Golstein‚
764 5271 895 5338 Ulricus
919 5272 1063 5355 Longus
1088 5271 1271 5355 Wigandus
1295 5271 1571 5350 deAsceburnen,
1597 5277 1630 5335 et
1654 5269 1757 5336 ceteri
1780 5289 1876 5351 quam
1904 5269 2023 5352 plures
2044 5267 2099 5335 riri
2151 5332 2152 5335 ,

446 5379 566 5462 ydonei
589 5385 622 5444 et
646 5376 789 5444 discreti.
837 5379 884 5445 Ut
907 5385 1016 5444 cutem
1039 5380 1099 5444 hec
1123 5386 1199 5444 rata
1223 5384 1437 5483 permaneant
1460 5377 1494 5443 in
1518 5385 1721 5479 perpetuum,
1754 5377 1965 5459 presentibus
1992 5377 2097 5460 sigillis

447 5485 569 5552 nostris
593 5505 633 5550 ea
656 5487 882 5552 roboramus.g
919 5486 1039 5550 Actum
1063 5505 1148 5550 anno
1173 5484 1294 5550 domini
1316 5485 1361 5549 M.
1387 5487 1447 5550 uo.
1475 5484 1647 5564 XXXVI,
1672 5483 1823 5549 kalendis
1846 5484 1974 5550 mercii.

713 5683 737 5730 a)
758 5679 785 5721 rb
800 5677 825 5720 B.
847 5677 1008 5731 „Ludolllust
1035 5678 1060 5730 b)
1082 5679 1109 5720 Α.
1122 5677 1148 5720 Β.
1169 5677 1385 5730 „Frauclrenlort“.
1413 5679 1436 5729 a)
1458 5678 1510 5730 „ln‘¹
1533 5677 1597 5732 fehlt
1619 5678 1646 5719 ἐκ
1669 5678 1696 5720 Α.
1718 5677 1771 5719 aad
1794 5677 1818 5720 B.
1845 5675 1869 5727 d)
1893 5675 1920 5719 B.
1943 5677 2094 5728 „Bonorum

660 5755 683 5802 e)
697 5749 723 5792 B.
737 5751 865 5804 ,‚ourtern“.
893 5750 913 5804 l)
929 5749 953 5792 B.
968 5749 1201 5804 „llrurrluglabalffl¹
1230 5752 1256 5802 g)
1270 5749 1295 5791 Β.
1310 5749 1515 5802 „roboravimust
