<?xml version="1.0" encoding="UTF-8"?>
<!DOCTYPE html PUBLIC "-//W3C//DTD XHTML 1.0 Transitional//EN"
    "http://www.w3.org/TR/xhtml1/DTD/xhtml1-transitional.dtd">
<html xmlns="http://www.w3.org/1999/xhtml" xml:lang="en" lang="en">
 <head>
  <title>
</title>
<meta http-equiv="Content-Type" content="text/html;charset=utf-8" />
  <meta name='ocr-system' content='tesseract 3.04.00' />
  <meta name='ocr-capabilities' content='ocr_page ocr_carea ocr_par ocr_line ocrx_word'/>
</head>
<body>
  <div class='ocr_page' id='page_1' title='image "./codexdiplomatic00nathgoog_0325.png"; bbox 0 0 4400 6384; ppageno 0'>
   <div class='ocr_carea' id='block_1_1' title="bbox 871 322 1837 391">
    <p class='ocr_par' dir='ltr' id='par_1_1' title="bbox 871 322 1837 391">
     <span class='ocr_line' id='line_1_1' title="bbox 871 322 1837 391; baseline 0.003 -15"><span class='ocrx_word' id='word_1_1' title='bbox 871 323 941 378; x_wconf 79' lang='lat'>1292</span> <span class='ocrx_word' id='word_1_2' title='bbox 959 322 1108 378; x_wconf 76' lang='lat' dir='ltr'>December</span> <span class='ocrx_word' id='word_1_3' title='bbox 1126 323 1152 378; x_wconf 83' lang='lat' dir='ltr'>b.</span> <span class='ocrx_word' id='word_1_4' title='bbox 1770 325 1837 391; x_wconf 85' lang='grc'>309</span> 
     </span>
    </p>
   </div>
   <div class='ocr_carea' id='block_1_2' title="bbox 178 518 1841 4418">
    <p class='ocr_par' dir='ltr' id='par_1_2' title="bbox 178 518 1841 4418">
     <span class='ocr_line' id='line_1_2' title="bbox 179 518 1837 604; baseline -0.002 -17"><span class='ocrx_word' id='word_1_5' title='bbox 179 520 363 603; x_wconf 84' lang='lat' dir='ltr'>prehabito,</span> <span class='ocrx_word' id='word_1_6' title='bbox 389 523 517 602; x_wconf 87' lang='lat' dir='ltr'>sponte,</span> <span class='ocrx_word' id='word_1_7' title='bbox 541 520 654 601; x_wconf 90' lang='lat' dir='ltr'>libere,</span> <span class='ocrx_word' id='word_1_8' title='bbox 679 525 744 586; x_wconf 86' lang='lat' dir='ltr'>non</span> <span class='ocrx_word' id='word_1_9' title='bbox 768 525 881 585; x_wconf 78' lang='lat' dir='ltr'>coacte</span> <span class='ocrx_word' id='word_1_10' title='bbox 904 520 1023 604; x_wconf 80' lang='lat' dir='ltr'>legavi,</span> <span class='ocrx_word' id='word_1_11' title='bbox 1050 521 1174 588; x_wconf 91' lang='lat' dir='ltr'>contuli</span> <span class='ocrx_word' id='word_1_12' title='bbox 1196 528 1231 587; x_wconf 91' lang='lat' dir='ltr'>et</span> <span class='ocrx_word' id='word_1_13' title='bbox 1254 520 1373 589; x_wconf 90' lang='lat' dir='ltr'>donavi</span> <span class='ocrx_word' id='word_1_14' title='bbox 1397 519 1574 586; x_wconf 77' lang='lat' dir='ltr'><strong>donatione</strong></span> <span class='ocrx_word' id='word_1_15' title='bbox 1592 519 1680 586; x_wconf 89' lang='lat' dir='ltr'>inter</span> <span class='ocrx_word' id='word_1_16' title='bbox 1698 518 1722 594; x_wconf 81' lang='lat' dir='ltr'>ll</span> <span class='ocrx_word' id='word_1_17' title='bbox 1740 518 1837 588; x_wconf 90' lang='lat' dir='ltr'>vivos</span> 
     </span>
     <span class='ocr_line' id='line_1_3' title="bbox 179 625 1836 710; baseline -0.002 -16"><span class='ocrx_word' id='word_1_18' title='bbox 179 649 237 710; x_wconf 92' lang='lat' dir='ltr'>pro</span> <span class='ocrx_word' id='word_1_19' title='bbox 268 628 410 694; x_wconf 89' lang='lat' dir='ltr'>remedio</span> <span class='ocrx_word' id='word_1_20' title='bbox 428 626 547 694; x_wconf 87' lang='lat' dir='ltr'>anime</span> <span class='ocrx_word' id='word_1_21' title='bbox 577 646 646 693; x_wconf 91' lang='lat' dir='ltr'>mee</span> <span class='ocrx_word' id='word_1_22' title='bbox 671 678 703 691; x_wconf 93' lang='lat'>..</span> <span class='ocrx_word' id='word_1_23' title='bbox 728 625 843 691; x_wconf 92' lang='lat' dir='ltr'>abbati</span> <span class='ocrx_word' id='word_1_24' title='bbox 872 633 962 691; x_wconf 91' lang='lat' dir='ltr'>et..</span> <span class='ocrx_word' id='word_1_25' title='bbox 988 627 1166 695; x_wconf 88' lang='lat' dir='ltr'>conventui</span> <span class='ocrx_word' id='word_1_26' title='bbox 1193 627 1386 694; x_wconf 89' lang='lat' dir='ltr'>monasterii</span> <span class='ocrx_word' id='word_1_27' title='bbox 1415 626 1611 710; x_wconf 81' lang='lat' dir='ltr'>Arnisburg,</span> <span class='ocrx_word' id='word_1_28' title='bbox 1643 625 1836 710; x_wconf 87' lang='lat' dir='ltr'>Magantine</span> 
     </span>
     <span class='ocr_line' id='line_1_4' title="bbox 179 729 1838 820; baseline -0.002 -19"><span class='ocrx_word' id='word_1_29' title='bbox 179 737 340 820; x_wconf 76' lang='lat' dir='ltr'>dyocests,</span> <span class='ocrx_word' id='word_1_30' title='bbox 366 754 424 800; x_wconf 86' lang='lat' dir='ltr'>sex</span> <span class='ocrx_word' id='word_1_31' title='bbox 454 753 585 800; x_wconf 91' lang='lat' dir='ltr'>mansos</span> <span class='ocrx_word' id='word_1_32' title='bbox 613 731 648 797; x_wconf 92' lang='lat' dir='ltr'>in</span> <span class='ocrx_word' id='word_1_33' title='bbox 667 729 691 805; x_wconf 87' lang='lat' dir='ltr'>ll</span> <span class='ocrx_word' id='word_1_34' title='bbox 708 731 875 799; x_wconf 87' lang='lat' dir='ltr'>territorio</span> <span class='ocrx_word' id='word_1_35' title='bbox 907 731 977 799; x_wconf 92' lang='lat' dir='ltr'>sive</span> <span class='ocrx_word' id='word_1_36' title='bbox 1005 734 1155 800; x_wconf 90' lang='lat' dir='ltr'>terminis</span> <span class='ocrx_word' id='word_1_37' title='bbox 1167 734 1267 817; x_wconf 78' lang='lat' dir='ltr'>‘opidi</span> <span class='ocrx_word' id='word_1_38' title='bbox 1289 733 1620 801; x_wconf 81' lang='lat' dir='ltr'>Frankenvordensis</span> <span class='ocrx_word' id='word_1_39' title='bbox 1644 733 1736 816; x_wconf 91' lang='lat' dir='ltr'>sitos,</span> <span class='ocrx_word' id='word_1_40' title='bbox 1762 735 1838 799; x_wconf 93' lang='lat' dir='ltr'>sub-</span> 
     </span>
     <span class='ocr_line' id='line_1_5' title="bbox 178 837 1838 924; baseline -0.002 -15"><span class='ocrx_word' id='word_1_41' title='bbox 178 843 303 924; x_wconf 83' lang='lat' dir='ltr'><strong>ponens</strong></span> <span class='ocrx_word' id='word_1_42' title='bbox 325 840 434 922; x_wconf 90' lang='lat' dir='ltr'>ipsum</span> <span class='ocrx_word' id='word_1_43' title='bbox 448 837 683 906; x_wconf 88' lang='lat' dir='ltr'>monasterium</span> <span class='ocrx_word' id='word_1_44' title='bbox 698 857 757 920; x_wconf 90' lang='lat' dir='ltr'>per</span> <span class='ocrx_word' id='word_1_45' title='bbox 772 845 943 920; x_wconf 80' lang='lat' dir='ltr'>presentes</span> <span class='ocrx_word' id='word_1_46' title='bbox 957 839 991 904; x_wconf 90' lang='lat' dir='ltr'>in</span> <span class='ocrx_word' id='word_1_47' title='bbox 1008 840 1248 922; x_wconf 89' lang='lat' dir='ltr'>possessionem</span> <span class='ocrx_word' id='word_1_48' title='bbox 1263 848 1456 923; x_wconf 88' lang='lat' dir='ltr'>perpetuam</span> <span class='ocrx_word' id='word_1_49' title='bbox 1473 839 1634 907; x_wconf 90' lang='lat' dir='ltr'>dictorum</span> <span class='ocrx_word' id='word_1_50' title='bbox 1648 859 1838 906; x_wconf 87' lang='lat' dir='ltr'>mansorum</span> 
     </span>
     <span class='ocr_line' id='line_1_6' title="bbox 179 943 1836 1030; baseline -0.001 -16"><span class='ocrx_word' id='word_1_51' title='bbox 179 949 446 1030; x_wconf 82' lang='lat' dir='ltr'>possidendorum</span> <span class='ocrx_word' id='word_1_52' title='bbox 471 964 544 1012; x_wconf 91' lang='lat' dir='ltr'>cum</span> <span class='ocrx_word' id='word_1_53' title='bbox 567 943 715 1010; x_wconf 91' lang='lat' dir='ltr'>omnibus</span> <span class='ocrx_word' id='word_1_54' title='bbox 737 944 863 1011; x_wconf 91' lang='lat' dir='ltr'>iuribus</span> <span class='ocrx_word' id='word_1_55' title='bbox 888 953 921 1011; x_wconf 89' lang='lat' dir='ltr'>et</span> <span class='ocrx_word' id='word_1_56' title='bbox 943 945 1164 1028; x_wconf 74' lang='lat' dir='ltr'>libertatibus,</span> <span class='ocrx_word' id='word_1_57' title='bbox 1189 947 1307 1027; x_wconf 90' lang='lat' dir='ltr'>quibus</span> <span class='ocrx_word' id='word_1_58' title='bbox 1331 966 1391 1030; x_wconf 89' lang='lat' dir='ltr'>ego</span> <span class='ocrx_word' id='word_1_59' title='bbox 1415 946 1567 1012; x_wconf 90' lang='lat' dir='ltr'>dinoscor</span> <span class='ocrx_word' id='word_1_60' title='bbox 1589 945 1679 1028; x_wconf 90' lang='lat' dir='ltr'>ipsos</span> <span class='ocrx_word' id='word_1_61' title='bbox 1701 965 1836 1012; x_wconf 90' lang='lat' dir='ltr'>mansos</span> 
     </span>
     <span class='ocr_line' id='line_1_7' title="bbox 178 1051 1837 1137; baseline -0.001 -17"><span class='ocrx_word' id='word_1_62' title='bbox 178 1056 339 1120; x_wconf 90' lang='lat' dir='ltr'>hactenus</span> <span class='ocrx_word' id='word_1_63' title='bbox 363 1051 558 1135; x_wconf 89' lang='lat' dir='ltr'>possedisse.</span> <span class='ocrx_word' id='word_1_64' title='bbox 606 1052 679 1118; x_wconf 91' lang='lat' dir='ltr'>Hoc</span> <span class='ocrx_word' id='word_1_65' title='bbox 696 1070 776 1118; x_wconf 92' lang='lat' dir='ltr'>sane</span> <span class='ocrx_word' id='word_1_66' title='bbox 793 1051 932 1134; x_wconf 90' lang='lat' dir='ltr'>adiecto,</span> <span class='ocrx_word' id='word_1_67' title='bbox 958 1055 1043 1132; x_wconf 92' lang='lat' dir='ltr'>quod</span> <span class='ocrx_word' id='word_1_68' title='bbox 1060 1053 1089 1117; x_wconf 90' lang='lat' dir='ltr'>si</span> <span class='ocrx_word' id='word_1_69' title='bbox 1105 1073 1165 1137; x_wconf 93' lang='lat' dir='ltr'>ego</span> <span class='ocrx_word' id='word_1_70' title='bbox 1183 1055 1224 1119; x_wconf 90' lang='lat' dir='ltr'>ab</span> <span class='ocrx_word' id='word_1_71' title='bbox 1240 1055 1303 1118; x_wconf 90' lang='lat' dir='ltr'>hac</span> <span class='ocrx_word' id='word_1_72' title='bbox 1318 1053 1391 1119; x_wconf 89' lang='lat' dir='ltr'>luce</span> <span class='ocrx_word' id='word_1_73' title='bbox 1408 1060 1486 1119; x_wconf 91' lang='lat' dir='ltr'>ante</span> <span class='ocrx_word' id='word_1_74' title='bbox 1502 1053 1587 1119; x_wconf 90' lang='lat' dir='ltr'>diem</span> <span class='ocrx_word' id='word_1_75' title='bbox 1603 1053 1837 1135; x_wconf 85' lang='lat' dir='ltr'>assumptionis</span> 
     </span>
     <span class='ocr_line' id='line_1_8' title="bbox 178 1156 1839 1242; baseline -0.001 -16"><span class='ocrx_word' id='word_1_76' title='bbox 178 1162 276 1226; x_wconf 89' lang='lat' dir='ltr'>beate</span> <span class='ocrx_word' id='word_1_77' title='bbox 309 1158 414 1226; x_wconf 86' lang='lat' dir='ltr'>blarie</span> <span class='ocrx_word' id='word_1_78' title='bbox 447 1157 585 1242; x_wconf 90' lang='lat' dir='ltr'>virginis</span> <span class='ocrx_word' id='word_1_79' title='bbox 618 1157 764 1240; x_wconf 86' lang='lat' dir='ltr'>proxime</span> <span class='ocrx_word' id='word_1_80' title='bbox 796 1156 971 1223; x_wconf 81' lang='lat' dir='ltr'>affuturam</span> <span class='ocrx_word' id='word_1_81' title='bbox 1004 1157 1200 1241; x_wconf 85' lang='lat' dir='ltr'>migravero,</span> <span class='ocrx_word' id='word_1_82' title='bbox 1228 1211 1261 1223; x_wconf 90' lang='lat'>..</span> <span class='ocrx_word' id='word_1_83' title='bbox 1286 1160 1390 1225; x_wconf 90' lang='lat' dir='ltr'>abbas</span> <span class='ocrx_word' id='word_1_84' title='bbox 1423 1165 1457 1224; x_wconf 92' lang='lat' dir='ltr'>et</span> <span class='ocrx_word' id='word_1_85' title='bbox 1484 1211 1517 1224; x_wconf 91' lang='lat'>..</span> <span class='ocrx_word' id='word_1_86' title='bbox 1544 1165 1725 1226; x_wconf 89' lang='lat' dir='ltr'>conventus</span> <span class='ocrx_word' id='word_1_87' title='bbox 1758 1158 1839 1225; x_wconf 90' lang='lat' dir='ltr'>dicti</span> 
     </span>
     <span class='ocr_line' id='line_1_9' title="bbox 178 1261 1836 1346; baseline -0.002 -12"><span class='ocrx_word' id='word_1_88' title='bbox 178 1265 371 1334; x_wconf 88' lang='lat' dir='ltr'>monasterii</span> <span class='ocrx_word' id='word_1_89' title='bbox 400 1264 578 1334; x_wconf 89' lang='lat' dir='ltr'>inmediete</span> <span class='ocrx_word' id='word_1_90' title='bbox 609 1270 685 1346; x_wconf 89' lang='lat' dir='ltr'>post</span> <span class='ocrx_word' id='word_1_91' title='bbox 713 1282 817 1330; x_wconf 90' lang='lat' dir='ltr'>meum</span> <span class='ocrx_word' id='word_1_92' title='bbox 849 1263 973 1330; x_wconf 91' lang='lat' dir='ltr'>obitum</span> <span class='ocrx_word' id='word_1_93' title='bbox 995 1261 1085 1330; x_wconf 80' lang='lat' dir='ltr'>infra</span> <span class='ocrx_word' id='word_1_94' title='bbox 1109 1265 1255 1346; x_wconf 90' lang='lat' dir='ltr'>spacium</span> <span class='ocrx_word' id='word_1_95' title='bbox 1279 1268 1417 1331; x_wconf 89' lang='lat' dir='ltr'>duorum</span> <span class='ocrx_word' id='word_1_96' title='bbox 1440 1264 1599 1331; x_wconf 89' lang='lat' dir='ltr'>mensium</span> <span class='ocrx_word' id='word_1_97' title='bbox 1621 1264 1735 1331; x_wconf 88' lang='lat' dir='ltr'>statim</span> <span class='ocrx_word' id='word_1_98' title='bbox 1758 1268 1836 1331; x_wconf 93' lang='lat' dir='ltr'>sub·</span> 
     </span>
     <span class='ocr_line' id='line_1_10' title="bbox 179 1370 1839 1456; baseline -0.001 -16"><span class='ocrx_word' id='word_1_99' title='bbox 179 1371 384 1456; x_wconf 92' lang='lat' dir='ltr'>sequentium</span> <span class='ocrx_word' id='word_1_100' title='bbox 414 1373 541 1438; x_wconf 91' lang='lat' dir='ltr'>dabunt</span> <span class='ocrx_word' id='word_1_101' title='bbox 571 1370 743 1437; x_wconf 80' lang='lat' dir='ltr'>occasione</span> <span class='ocrx_word' id='word_1_102' title='bbox 773 1370 960 1437; x_wconf 90' lang='lat' dir='ltr'>donationis</span> <span class='ocrx_word' id='word_1_103' title='bbox 988 1371 1252 1453; x_wconf 90' lang='lat' dir='ltr'>supradictorum</span> <span class='ocrx_word' id='word_1_104' title='bbox 1274 1391 1462 1439; x_wconf 88' lang='lat' dir='ltr'>mansorum</span> <span class='ocrx_word' id='word_1_105' title='bbox 1487 1380 1617 1438; x_wconf 89' lang='lat' dir='ltr'>centum</span> <span class='ocrx_word' id='word_1_106' title='bbox 1641 1379 1675 1437; x_wconf 91' lang='lat' dir='ltr'>et</span> <span class='ocrx_word' id='word_1_107' title='bbox 1699 1371 1839 1455; x_wconf 88' lang='lat' dir='ltr'>triginta</span> 
     </span>
     <span class='ocr_line' id='line_1_11' title="bbox 179 1477 1837 1563; baseline -0.001 -16"><span class='ocrx_word' id='word_1_108' title='bbox 179 1499 310 1547; x_wconf 89' lang='lat' dir='ltr'>marcas</span> <span class='ocrx_word' id='word_1_109' title='bbox 339 1478 493 1563; x_wconf 87' lang='lat' dir='ltr'>legalium</span> <span class='ocrx_word' id='word_1_110' title='bbox 524 1477 731 1544; x_wconf 88' lang='lat' dir='ltr'>denariorum</span> <span class='ocrx_word' id='word_1_111' title='bbox 762 1480 804 1542; x_wconf 91' lang='lat' dir='ltr'>ad</span> <span class='ocrx_word' id='word_1_112' title='bbox 832 1497 1022 1558; x_wconf 89' lang='lat' dir='ltr'>quecunque</span> <span class='ocrx_word' id='word_1_113' title='bbox 1044 1479 1119 1543; x_wconf 89' lang='lat' dir='ltr'>loca</span> <span class='ocrx_word' id='word_1_114' title='bbox 1141 1479 1194 1546; x_wconf 91' lang='lat' dir='ltr'>vel</span> <span class='ocrx_word' id='word_1_115' title='bbox 1218 1478 1463 1560; x_wconf 74' lang='lat' dir='ltr'>quibuscunque</span> <span class='ocrx_word' id='word_1_116' title='bbox 1487 1478 1637 1560; x_wconf 90' lang='lat' dir='ltr'>personis</span> <span class='ocrx_word' id='word_1_117' title='bbox 1661 1481 1837 1546; x_wconf 89' lang='lat' dir='ltr'>decrevero</span> 
     </span>
     <span class='ocr_line' id='line_1_12' title="bbox 179 1584 1838 1670; baseline -0.001 -18"><span class='ocrx_word' id='word_1_118' title='bbox 179 1590 260 1652; x_wconf 89' lang='lat' dir='ltr'>darc</span> <span class='ocrx_word' id='word_1_119' title='bbox 284 1592 318 1651; x_wconf 92' lang='lat' dir='ltr'>et</span> <span class='ocrx_word' id='word_1_120' title='bbox 341 1585 522 1669; x_wconf 87' lang='lat' dir='ltr'>assignare.</span> <span class='ocrx_word' id='word_1_121' title='bbox 563 1587 762 1670; x_wconf 80' lang='lat' dir='ltr'>Quocunque</span> <span class='ocrx_word' id='word_1_122' title='bbox 786 1589 894 1650; x_wconf 89' lang='lat' dir='ltr'>autem</span> <span class='ocrx_word' id='word_1_123' title='bbox 920 1603 999 1649; x_wconf 88' lang='lat' dir='ltr'>casu</span> <span class='ocrx_word' id='word_1_124' title='bbox 1023 1584 1234 1668; x_wconf 87' lang='lat' dir='ltr'>contingente</span> <span class='ocrx_word' id='word_1_125' title='bbox 1258 1592 1334 1667; x_wconf 89' lang='lat' dir='ltr'>post</span> <span class='ocrx_word' id='word_1_126' title='bbox 1357 1585 1479 1651; x_wconf 89' lang='lat' dir='ltr'>dietam</span> <span class='ocrx_word' id='word_1_127' title='bbox 1503 1584 1589 1650; x_wconf 90' lang='lat' dir='ltr'>diem</span> <span class='ocrx_word' id='word_1_128' title='bbox 1604 1584 1838 1666; x_wconf 86' lang='lat' dir='ltr'>assumptionis</span> 
     </span>
     <span class='ocr_line' id='line_1_13' title="bbox 178 1688 1839 1775; baseline -0.001 -18"><span class='ocrx_word' id='word_1_129' title='bbox 178 1693 277 1758; x_wconf 90' lang='lat' dir='ltr'>beate</span> <span class='ocrx_word' id='word_1_130' title='bbox 293 1691 399 1758; x_wconf 88' lang='lat' dir='ltr'>Marie</span> <span class='ocrx_word' id='word_1_131' title='bbox 421 1690 561 1775; x_wconf 88' lang='lat' dir='ltr'>virginis</span> <span class='ocrx_word' id='word_1_132' title='bbox 584 1689 765 1772; x_wconf 88' lang='lat' dir='ltr'>proximam</span> <span class='ocrx_word' id='word_1_133' title='bbox 789 1692 829 1756; x_wconf 92' lang='lat' dir='ltr'>de</span> <span class='ocrx_word' id='word_1_134' title='bbox 852 1689 957 1756; x_wconf 89' lang='lat' dir='ltr'>medio</span> <span class='ocrx_word' id='word_1_135' title='bbox 974 1691 1107 1756; x_wconf 90' lang='lat' dir='ltr'>sublata</span> <span class='ocrx_word' id='word_1_136' title='bbox 1122 1688 1226 1772; x_wconf 84' lang='lat' dir='ltr'>fuero,</span> <span class='ocrx_word' id='word_1_137' title='bbox 1251 1691 1494 1773; x_wconf 91' lang='lat' dir='ltr'>prenominati.</span> <span class='ocrx_word' id='word_1_138' title='bbox 1514 1744 1520 1755; x_wconf 94' lang='lat'>.</span> <span class='ocrx_word' id='word_1_139' title='bbox 1538 1693 1643 1757; x_wconf 91' lang='lat' dir='ltr'>abbas</span> <span class='ocrx_word' id='word_1_140' title='bbox 1659 1697 1693 1757; x_wconf 90' lang='lat' dir='ltr'>et</span> <span class='ocrx_word' id='word_1_141' title='bbox 1711 1743 1717 1755; x_wconf 95' lang='lat'><em>.</em></span> <span class='ocrx_word' id='word_1_142' title='bbox 1737 1743 1744 1755; x_wconf 93' lang='lat'>.</span> <span class='ocrx_word' id='word_1_143' title='bbox 1762 1710 1839 1756; x_wconf 90' lang='lat' dir='ltr'>con-</span> 
     </span>
     <span class='ocr_line' id='line_1_14' title="bbox 179 1795 1839 1884; baseline -0.002 -19"><span class='ocrx_word' id='word_1_144' title='bbox 179 1804 300 1865; x_wconf 90' lang='lat' dir='ltr'>ventus</span> <span class='ocrx_word' id='word_1_145' title='bbox 324 1817 345 1864; x_wconf 91' lang='lat' dir='ltr'>a</span> <span class='ocrx_word' id='word_1_146' title='bbox 368 1797 532 1864; x_wconf 89' lang='lat' dir='ltr'>solucione</span> <span class='ocrx_word' id='word_1_147' title='bbox 557 1795 697 1880; x_wconf 86' lang='lat' dir='ltr'>triginta</span> <span class='ocrx_word' id='word_1_148' title='bbox 719 1815 903 1863; x_wconf 89' lang='lat' dir='ltr'>marcarum</span> <span class='ocrx_word' id='word_1_149' title='bbox 929 1796 1075 1878; x_wconf 86' lang='lat' dir='ltr'>predicte</span> <span class='ocrx_word' id='word_1_150' title='bbox 1092 1799 1263 1884; x_wconf 69' lang='lat' dir='ltr'>summati)</span> <span class='ocrx_word' id='word_1_151' title='bbox 1279 1799 1416 1881; x_wconf 86' lang='lat' dir='ltr'>pecunie</span> <span class='ocrx_word' id='word_1_152' title='bbox 1433 1805 1530 1864; x_wconf 91' lang='lat' dir='ltr'>erunt</span> <span class='ocrx_word' id='word_1_153' title='bbox 1546 1797 1677 1881; x_wconf 91' lang='lat' dir='ltr'>penitus</span> <span class='ocrx_word' id='word_1_154' title='bbox 1694 1797 1839 1864; x_wconf 89' lang='lat' dir='ltr'>absoluti</span> 
     </span>
     <span class='ocr_line' id='line_1_15' title="bbox 180 1903 1838 1988; baseline -0.001 -18"><span class='ocrx_word' id='word_1_155' title='bbox 180 1911 214 1970; x_wconf 90' lang='lat' dir='ltr'>et</span> <span class='ocrx_word' id='word_1_156' title='bbox 245 1911 367 1970; x_wconf 84' lang='lat' dir='ltr'>extunc</span> <span class='ocrx_word' id='word_1_157' title='bbox 398 1911 527 1970; x_wconf 89' lang='lat' dir='ltr'>centum</span> <span class='ocrx_word' id='word_1_158' title='bbox 559 1905 733 1969; x_wconf 83' lang='lat' dir='ltr'>dumtaxat</span> <span class='ocrx_word' id='word_1_159' title='bbox 762 1922 902 1984; x_wconf 82' lang='lat' dir='ltr'>marcae,</span> <span class='ocrx_word' id='word_1_160' title='bbox 928 1903 981 1968; x_wconf 93' lang='lat' dir='ltr'>cui</span> <span class='ocrx_word' id='word_1_161' title='bbox 1004 1907 1084 1970; x_wconf 89' lang='lat' dir='ltr'>dare</span> <span class='ocrx_word' id='word_1_162' title='bbox 1108 1904 1296 1987; x_wconf 90' lang='lat' dir='ltr'>decrevero,</span> <span class='ocrx_word' id='word_1_163' title='bbox 1321 1905 1471 1971; x_wconf 91' lang='lat' dir='ltr'>soluturi.</span> <span class='ocrx_word' id='word_1_164' title='bbox 1518 1905 1677 1970; x_wconf 89' lang='lat' dir='ltr'>Preterea</span> <span class='ocrx_word' id='word_1_165' title='bbox 1700 1903 1838 1988; x_wconf 86' lang='lat' dir='ltr'>singulis</span> 
     </span>
     <span class='ocr_line' id='line_1_16' title="bbox 179 2009 1839 2094; baseline 0 -18"><span class='ocrx_word' id='word_1_166' title='bbox 179 2011 285 2094; x_wconf 88' lang='lat' dir='ltr'>annis,</span> <span class='ocrx_word' id='word_1_167' title='bbox 310 2013 419 2092; x_wconf 91' lang='lat' dir='ltr'>quoad</span> <span class='ocrx_word' id='word_1_168' title='bbox 450 2010 575 2091; x_wconf 82' lang='lat' dir='ltr'>vixero,</span> <span class='ocrx_word' id='word_1_169' title='bbox 607 2009 815 2076; x_wconf 90' lang='lat' dir='ltr'>antedicti..</span> <span class='ocrx_word' id='word_1_170' title='bbox 837 2010 940 2075; x_wconf 89' lang='lat' dir='ltr'>abbas</span> <span class='ocrx_word' id='word_1_171' title='bbox 972 2017 1029 2076; x_wconf 90' lang='lat' dir='ltr'>et.</span> <span class='ocrx_word' id='word_1_172' title='bbox 1050 2062 1056 2075; x_wconf 94' lang='lat'><em>.</em></span> <span class='ocrx_word' id='word_1_173' title='bbox 1075 2017 1256 2077; x_wconf 90' lang='lat' dir='ltr'>conventus</span> <span class='ocrx_word' id='word_1_174' title='bbox 1287 2011 1416 2077; x_wconf 89' lang='lat' dir='ltr'>nomine</span> <span class='ocrx_word' id='word_1_175' title='bbox 1439 2011 1491 2077; x_wconf 89' lang='lat' dir='ltr'>sni</span> <span class='ocrx_word' id='word_1_176' title='bbox 1513 2009 1730 2077; x_wconf 82' lang='lat' dir='ltr'>monasterii·</span> <span class='ocrx_word' id='word_1_177' title='bbox 1750 2009 1839 2076; x_wconf 87' lang='lat' dir='ltr'>inter</span> 
     </span>
     <span class='ocr_line' id='line_1_17' title="bbox 180 2115 1836 2201; baseline -0.001 -17"><span class='ocrx_word' id='word_1_178' title='bbox 180 2118 302 2184; x_wconf 85' lang='lat' dir='ltr'>dictem</span> <span class='ocrx_word' id='word_1_179' title='bbox 333 2117 589 2200; x_wconf 85' lang='lat' dir='ltr'>assumptionem</span> <span class='ocrx_word' id='word_1_180' title='bbox 620 2122 655 2182; x_wconf 89' lang='lat' dir='ltr'>et</span> <span class='ocrx_word' id='word_1_181' title='bbox 683 2115 894 2183; x_wconf 88' lang='lat' dir='ltr'>nativitatem</span> <span class='ocrx_word' id='word_1_182' title='bbox 924 2118 1021 2182; x_wconf 90' lang='lat' dir='ltr'>beate</span> <span class='ocrx_word' id='word_1_183' title='bbox 1045 2116 1151 2183; x_wconf 90' lang='lat' dir='ltr'>Marie</span> <span class='ocrx_word' id='word_1_184' title='bbox 1175 2117 1313 2201; x_wconf 86' lang='lat' dir='ltr'>virginis</span> <span class='ocrx_word' id='word_1_185' title='bbox 1344 2117 1520 2201; x_wconf 82' lang='lat' dir='ltr'>sexaginta</span> <span class='ocrx_word' id='word_1_186' title='bbox 1543 2115 1665 2183; x_wconf 89' lang='lat' dir='ltr'>octalia</span> <span class='ocrx_word' id='word_1_187' title='bbox 1688 2115 1836 2200; x_wconf 87' lang='lat' dir='ltr'>siliginis,</span> 
     </span>
     <span class='ocr_line' id='line_1_18' title="bbox 180 2221 1839 2307; baseline -0.001 -17"><span class='ocrx_word' id='word_1_188' title='bbox 180 2227 292 2290; x_wconf 89' lang='lat' dir='ltr'>decem</span> <span class='ocrx_word' id='word_1_189' title='bbox 315 2223 438 2291; x_wconf 87' lang='lat' dir='ltr'>octalia</span> <span class='ocrx_word' id='word_1_190' title='bbox 461 2223 564 2289; x_wconf 90' lang='lat' dir='ltr'>tritici</span> <span class='ocrx_word' id='word_1_191' title='bbox 588 2229 622 2289; x_wconf 91' lang='lat' dir='ltr'>et</span> <span class='ocrx_word' id='word_1_192' title='bbox 643 2241 743 2289; x_wconf 90' lang='lat' dir='ltr'>unum</span> <span class='ocrx_word' id='word_1_193' title='bbox 767 2223 873 2289; x_wconf 90' lang='lat' dir='ltr'>octale</span> <span class='ocrx_word' id='word_1_194' title='bbox 898 2221 968 2304; x_wconf 91' lang='lat' dir='ltr'>pise</span> <span class='ocrx_word' id='word_1_195' title='bbox 984 2224 1315 2292; x_wconf 86' lang='lat' dir='ltr'>Frankenvordensis</span> <span class='ocrx_word' id='word_1_196' title='bbox 1338 2243 1505 2307; x_wconf 81' lang='lat' dir='ltr'>mensure3</span> <span class='ocrx_word' id='word_1_197' title='bbox 1530 2223 1610 2290; x_wconf 88' lang='lat' dir='ltr'>item</span> <span class='ocrx_word' id='word_1_198' title='bbox 1624 2223 1658 2289; x_wconf 93' lang='lat' dir='ltr'>in</span> <span class='ocrx_word' id='word_1_199' title='bbox 1680 2223 1732 2289; x_wconf 92' lang='lat' dir='ltr'>die</span> <span class='ocrx_word' id='word_1_200' title='bbox 1748 2222 1839 2289; x_wconf 91' lang='lat' dir='ltr'>beati</span> 
     </span>
     <span class='ocr_line' id='line_1_19' title="bbox 178 2327 1838 2414; baseline -0.001 -19"><span class='ocrx_word' id='word_1_201' title='bbox 178 2329 385 2414; x_wconf 83' lang='lat' dir='ltr'>Mychabclis</span> <span class='ocrx_word' id='word_1_202' title='bbox 408 2333 491 2396; x_wconf 88' lang='lat' dir='ltr'>duas</span> <span class='ocrx_word' id='word_1_203' title='bbox 513 2348 643 2396; x_wconf 90' lang='lat' dir='ltr'>marcas</span> <span class='ocrx_word' id='word_1_204' title='bbox 666 2328 821 2412; x_wconf 91' lang='lat' dir='ltr'>legalium</span> <span class='ocrx_word' id='word_1_205' title='bbox 844 2328 1052 2396; x_wconf 90' lang='lat' dir='ltr'>denariorum</span> <span class='ocrx_word' id='word_1_206' title='bbox 1070 2336 1104 2396; x_wconf 90' lang='lat' dir='ltr'>et</span> <span class='ocrx_word' id='word_1_207' title='bbox 1124 2331 1293 2397; x_wconf 88' lang='lat' dir='ltr'>duodecim</span> <span class='ocrx_word' id='word_1_208' title='bbox 1309 2330 1411 2398; x_wconf 90' lang='lat' dir='ltr'>libras</span> <span class='ocrx_word' id='word_1_209' title='bbox 1428 2351 1519 2412; x_wconf 89' lang='lat' dir='ltr'>cere;</span> <span class='ocrx_word' id='word_1_210' title='bbox 1537 2330 1615 2396; x_wconf 89' lang='lat' dir='ltr'>item</span> <span class='ocrx_word' id='word_1_211' title='bbox 1630 2329 1665 2395; x_wconf 92' lang='lat' dir='ltr'>in</span> <span class='ocrx_word' id='word_1_212' title='bbox 1681 2329 1733 2395; x_wconf 94' lang='lat' dir='ltr'>die</span> <span class='ocrx_word' id='word_1_213' title='bbox 1747 2327 1838 2394; x_wconf 88' lang='lat' dir='ltr'>beati</span> 
     </span>
     <span class='ocr_line' id='line_1_20' title="bbox 180 2434 1839 2520; baseline -0.001 -18"><span class='ocrx_word' id='word_1_214' title='bbox 180 2437 317 2503; x_wconf 90' lang='lat' dir='ltr'>Martini</span> <span class='ocrx_word' id='word_1_215' title='bbox 346 2435 465 2520; x_wconf 91' lang='lat' dir='ltr'>viginti</span> <span class='ocrx_word' id='word_1_216' title='bbox 489 2435 630 2518; x_wconf 89' lang='lat' dir='ltr'>quinque</span> <span class='ocrx_word' id='word_1_217' title='bbox 658 2435 760 2502; x_wconf 89' lang='lat' dir='ltr'>libras</span> <span class='ocrx_word' id='word_1_218' title='bbox 783 2434 855 2517; x_wconf 92' lang='lat' dir='ltr'>sepi</span> <span class='ocrx_word' id='word_1_219' title='bbox 878 2441 912 2500; x_wconf 90' lang='lat' dir='ltr'>et</span> <span class='ocrx_word' id='word_1_220' title='bbox 935 2439 1017 2502; x_wconf 89' lang='lat' dir='ltr'>duos</span> <span class='ocrx_word' id='word_1_221' title='bbox 1040 2438 1153 2519; x_wconf 90' lang='lat' dir='ltr'>botos;</span> <span class='ocrx_word' id='word_1_222' title='bbox 1178 2437 1256 2504; x_wconf 88' lang='lat' dir='ltr'>item</span> <span class='ocrx_word' id='word_1_223' title='bbox 1278 2437 1366 2503; x_wconf 89' lang='lat' dir='ltr'>inter</span> <span class='ocrx_word' id='word_1_224' title='bbox 1390 2437 1533 2504; x_wconf 90' lang='lat' dir='ltr'>eiusdem</span> <span class='ocrx_word' id='word_1_225' title='bbox 1557 2435 1694 2503; x_wconf 89' lang='lat' dir='ltr'>Martini</span> <span class='ocrx_word' id='word_1_226' title='bbox 1717 2434 1839 2502; x_wconf 78' lang='lat' dir='ltr'>festum</span> 
     </span>
     <span class='ocr_line' id='line_1_21' title="bbox 181 2541 1838 2628; baseline -0.001 -18"><span class='ocrx_word' id='word_1_227' title='bbox 181 2551 214 2610; x_wconf 91' lang='lat' dir='ltr'>et</span> <span class='ocrx_word' id='word_1_228' title='bbox 240 2543 492 2626; x_wconf 89' lang='lat' dir='ltr'>carnisprivium</span> <span class='ocrx_word' id='word_1_229' title='bbox 516 2546 628 2609; x_wconf 89' lang='lat' dir='ltr'>decem</span> <span class='ocrx_word' id='word_1_230' title='bbox 652 2542 804 2623; x_wconf 90' lang='lat' dir='ltr'>plaustra</span> <span class='ocrx_word' id='word_1_231' title='bbox 826 2541 1005 2625; x_wconf 88' lang='lat' dir='ltr'>lignorum;</span> <span class='ocrx_word' id='word_1_232' title='bbox 1036 2543 1115 2609; x_wconf 91' lang='lat' dir='ltr'>item</span> <span class='ocrx_word' id='word_1_233' title='bbox 1138 2550 1285 2626; x_wconf 89' lang='lat' dir='ltr'>tempore</span> <span class='ocrx_word' id='word_1_234' title='bbox 1309 2543 1587 2628; x_wconf 89' lang='lat' dir='ltr'>quadragesimali</span> <span class='ocrx_word' id='word_1_235' title='bbox 1609 2544 1692 2609; x_wconf 92' lang='lat' dir='ltr'>duas</span> <span class='ocrx_word' id='word_1_236' title='bbox 1714 2547 1838 2608; x_wconf 87' lang='lat' dir='ltr'>mestas</span> 
     </span>
     <span class='ocr_line' id='line_1_22' title="bbox 179 2646 1839 2734; baseline -0.001 -17"><span class='ocrx_word' id='word_1_237' title='bbox 179 2650 358 2733; x_wconf 88' lang='lat' dir='ltr'>papaveris</span> <span class='ocrx_word' id='word_1_238' title='bbox 391 2657 425 2717; x_wconf 90' lang='lat' dir='ltr'>et</span> <span class='ocrx_word' id='word_1_239' title='bbox 457 2653 540 2716; x_wconf 90' lang='lat' dir='ltr'>duas</span> <span class='ocrx_word' id='word_1_240' title='bbox 572 2655 696 2715; x_wconf 89' lang='lat' dir='ltr'>mestas</span> <span class='ocrx_word' id='word_1_241' title='bbox 729 2646 836 2715; x_wconf 86' lang='lat' dir='ltr'>farine</span> <span class='ocrx_word' id='word_1_242' title='bbox 870 2651 910 2715; x_wconf 92' lang='lat' dir='ltr'>de</span> <span class='ocrx_word' id='word_1_243' title='bbox 943 2669 1066 2734; x_wconf 89' lang='lat' dir='ltr'>avena;</span> <span class='ocrx_word' id='word_1_244' title='bbox 1099 2649 1179 2717; x_wconf 89' lang='lat' dir='ltr'>item</span> <span class='ocrx_word' id='word_1_245' title='bbox 1209 2656 1355 2733; x_wconf 90' lang='lat' dir='ltr'>tempore</span> <span class='ocrx_word' id='word_1_246' title='bbox 1385 2649 1569 2717; x_wconf 90' lang='lat' dir='ltr'>autumnali</span> <span class='ocrx_word' id='word_1_247' title='bbox 1599 2648 1839 2732; x_wconf 90' lang='lat' dir='ltr'>quinquaginta</span> 
     </span>
     <span class='ocr_line' id='line_1_23' title="bbox 179 2753 1837 2840; baseline -0.001 -18"><span class='ocrx_word' id='word_1_248' title='bbox 179 2756 365 2838; x_wconf 90' lang='lat' dir='ltr'>manipulos</span> <span class='ocrx_word' id='word_1_249' title='bbox 401 2756 596 2823; x_wconf 89' lang='lat' dir='ltr'>straminum</span> <span class='ocrx_word' id='word_1_250' title='bbox 630 2753 763 2839; x_wconf 83' lang='lat' dir='ltr'>frugum</span> <span class='ocrx_word' id='word_1_251' title='bbox 798 2755 995 2838; x_wconf 87' lang='lat' dir='ltr'>hyemalium</span> <span class='ocrx_word' id='word_1_252' title='bbox 1035 2763 1068 2822; x_wconf 92' lang='lat' dir='ltr'>et</span> <span class='ocrx_word' id='word_1_253' title='bbox 1098 2756 1235 2824; x_wconf 90' lang='lat' dir='ltr'>totidem</span> <span class='ocrx_word' id='word_1_254' title='bbox 1265 2757 1450 2840; x_wconf 91' lang='lat' dir='ltr'>manipnlos</span> <span class='ocrx_word' id='word_1_255' title='bbox 1479 2754 1611 2840; x_wconf 84' lang='lat' dir='ltr'>frugum</span> <span class='ocrx_word' id='word_1_256' title='bbox 1642 2755 1837 2823; x_wconf 89' lang='lat' dir='ltr'>estivalium.</span> 
     </span>
     <span class='ocr_line' id='line_1_24' title="bbox 179 2861 1839 2945; baseline 0 -17"><span class='ocrx_word' id='word_1_257' title='bbox 179 2863 252 2929; x_wconf 90' lang='lat' dir='ltr'>Hec</span> <span class='ocrx_word' id='word_1_258' title='bbox 281 2862 390 2930; x_wconf 87' lang='lat' dir='ltr'>omnia</span> <span class='ocrx_word' id='word_1_259' title='bbox 420 2862 664 2944; x_wconf 88' lang='lat' dir='ltr'>prenominati.</span> <span class='ocrx_word' id='word_1_260' title='bbox 685 2863 814 2927; x_wconf 80' lang='lat' dir='ltr'>‚abbas</span> <span class='ocrx_word' id='word_1_261' title='bbox 846 2867 903 2928; x_wconf 90' lang='lat' dir='ltr'>et.</span> <span class='ocrx_word' id='word_1_262' title='bbox 924 2915 929 2926; x_wconf 95' lang='lat'><em>.</em></span> <span class='ocrx_word' id='word_1_263' title='bbox 948 2870 1130 2930; x_wconf 90' lang='lat' dir='ltr'>conventus</span> <span class='ocrx_word' id='word_1_264' title='bbox 1157 2863 1255 2929; x_wconf 88' lang='lat' dir='ltr'>michi</span> <span class='ocrx_word' id='word_1_265' title='bbox 1279 2871 1472 2945; x_wconf 88' lang='lat' dir='ltr'>presentare</span> <span class='ocrx_word' id='word_1_266' title='bbox 1497 2870 1652 2929; x_wconf 89' lang='lat' dir='ltr'>tenentur</span> <span class='ocrx_word' id='word_1_267' title='bbox 1675 2861 1710 2927; x_wconf 90' lang='lat' dir='ltr'>in</span> <span class='ocrx_word' id='word_1_268' title='bbox 1733 2881 1839 2928; x_wconf 91' lang='lat' dir='ltr'>meum</span> 
     </span>
     <span class='ocr_line' id='line_1_25' title="bbox 179 2968 1839 3053; baseline -0.001 -18"><span class='ocrx_word' id='word_1_269' title='bbox 179 2969 364 3051; x_wconf 88' lang='lat' dir='ltr'>hospicium</span> <span class='ocrx_word' id='word_1_270' title='bbox 387 2969 628 3035; x_wconf 81' lang='lat' dir='ltr'>Frankenvord</span> <span class='ocrx_word' id='word_1_271' title='bbox 659 2970 784 3048; x_wconf 89' lang='lat' dir='ltr'>absque</span> <span class='ocrx_word' id='word_1_272' title='bbox 815 2969 1041 3050; x_wconf 91' lang='lat' dir='ltr'>protractione</span> <span class='ocrx_word' id='word_1_273' title='bbox 1073 2969 1221 3050; x_wconf 91' lang='lat' dir='ltr'>qualibet</span> <span class='ocrx_word' id='word_1_274' title='bbox 1244 2970 1446 3053; x_wconf 89' lang='lat' dir='ltr'>temporibus</span> <span class='ocrx_word' id='word_1_275' title='bbox 1469 2969 1622 3053; x_wconf 88' lang='lat' dir='ltr'>superins</span> <span class='ocrx_word' id='word_1_276' title='bbox 1645 2968 1746 3034; x_wconf 89' lang='lat' dir='ltr'>tactis</span> <span class='ocrx_word' id='word_1_277' title='bbox 1769 2968 1839 3034; x_wconf 89' lang='lat' dir='ltr'>suis</span> 
     </span>
     <span class='ocr_line' id='line_1_26' title="bbox 178 3074 1838 3159; baseline -0.002 -17"><span class='ocrx_word' id='word_1_278' title='bbox 178 3076 348 3142; x_wconf 91' lang='lat' dir='ltr'>laboribus</span> <span class='ocrx_word' id='word_1_279' title='bbox 378 3083 412 3142; x_wconf 87' lang='lat' dir='ltr'>et</span> <span class='ocrx_word' id='word_1_280' title='bbox 443 3075 605 3158; x_wconf 81' lang='lat' dir='ltr'>expensis.</span> <span class='ocrx_word' id='word_1_281' title='bbox 652 3076 754 3142; x_wconf 88' lang='lat' dir='ltr'>Porro</span> <span class='ocrx_word' id='word_1_282' title='bbox 785 3081 860 3156; x_wconf 90' lang='lat' dir='ltr'>post</span> <span class='ocrx_word' id='word_1_283' title='bbox 890 3095 995 3142; x_wconf 91' lang='lat' dir='ltr'>meum</span> <span class='ocrx_word' id='word_1_284' title='bbox 1025 3076 1150 3142; x_wconf 91' lang='lat' dir='ltr'>obitum</span> <span class='ocrx_word' id='word_1_285' title='bbox 1179 3077 1383 3159; x_wconf 91' lang='lat' dir='ltr'>sepedictum</span> <span class='ocrx_word' id='word_1_286' title='bbox 1413 3076 1647 3143; x_wconf 90' lang='lat' dir='ltr'>monasterium</span> <span class='ocrx_word' id='word_1_287' title='bbox 1677 3077 1717 3141; x_wconf 92' lang='lat' dir='ltr'>de</span> <span class='ocrx_word' id='word_1_288' title='bbox 1741 3074 1838 3140; x_wconf 87' lang='lat' dir='ltr'>dictis</span> 
     </span>
     <span class='ocr_line' id='line_1_27' title="bbox 179 3180 1838 3267; baseline -0.002 -19"><span class='ocrx_word' id='word_1_289' title='bbox 179 3181 333 3249; x_wconf 84' lang='lat' dir='ltr'>censibus</span> <span class='ocrx_word' id='word_1_290' title='bbox 363 3189 397 3248; x_wconf 90' lang='lat' dir='ltr'>ct</span> <span class='ocrx_word' id='word_1_291' title='bbox 427 3181 638 3264; x_wconf 89' lang='lat' dir='ltr'>pensionibus</span> <span class='ocrx_word' id='word_1_292' title='bbox 668 3180 767 3246; x_wconf 80' lang='lat' dir='ltr'>nrichi</span> <span class='ocrx_word' id='word_1_293' title='bbox 797 3182 978 3264; x_wconf 89' lang='lat' dir='ltr'>annuatim,</span> <span class='ocrx_word' id='word_1_294' title='bbox 1009 3189 1047 3248; x_wconf 93' lang='lat' dir='ltr'>ut</span> <span class='ocrx_word' id='word_1_295' title='bbox 1076 3189 1129 3249; x_wconf 89' lang='lat' dir='ltr'>est</span> <span class='ocrx_word' id='word_1_296' title='bbox 1158 3183 1361 3265; x_wconf 88' lang='lat' dir='ltr'>premissum,</span> <span class='ocrx_word' id='word_1_297' title='bbox 1387 3182 1595 3267; x_wconf 87' lang='lat' dir='ltr'>porrigendis</span> <span class='ocrx_word' id='word_1_298' title='bbox 1619 3181 1748 3249; x_wconf 92' lang='lat' dir='ltr'>omnino</span> <span class='ocrx_word' id='word_1_299' title='bbox 1772 3180 1838 3246; x_wconf 89' lang='lat' dir='ltr'>erit</span> 
     </span>
     <span class='ocr_line' id='line_1_28' title="bbox 178 3287 1836 3371; baseline -0.001 -17"><span class='ocrx_word' id='word_1_300' title='bbox 178 3288 319 3354; x_wconf 92' lang='lat' dir='ltr'>liberum</span> <span class='ocrx_word' id='word_1_301' title='bbox 335 3295 369 3355; x_wconf 91' lang='lat' dir='ltr'>et</span> <span class='ocrx_word' id='word_1_302' title='bbox 385 3287 572 3354; x_wconf 89' lang='lat' dir='ltr'>absolutum</span> <span class='ocrx_word' id='word_1_303' title='bbox 586 3307 647 3354; x_wconf 90' lang='lat' dir='ltr'>nec</span> <span class='ocrx_word' id='word_1_304' title='bbox 663 3287 830 3354; x_wconf 90' lang='lat' dir='ltr'>tenebitur</span> <span class='ocrx_word' id='word_1_305' title='bbox 842 3287 941 3354; x_wconf 92' lang='lat' dir='ltr'>alicui</span> <span class='ocrx_word' id='word_1_306' title='bbox 954 3308 1052 3371; x_wconf 90' lang='lat' dir='ltr'>super</span> <span class='ocrx_word' id='word_1_307' title='bbox 1065 3287 1233 3370; x_wconf 88' lang='lat' dir='ltr'>premissis</span> <span class='ocrx_word' id='word_1_308' title='bbox 1246 3289 1395 3357; x_wconf 88' lang='lat' dir='ltr'>omnibus</span> <span class='ocrx_word' id='word_1_309' title='bbox 1408 3289 1616 3371; x_wconf 89' lang='lat' dir='ltr'>aliquatenus</span> <span class='ocrx_word' id='word_1_310' title='bbox 1627 3291 1836 3371; x_wconf 89' lang='lat' dir='ltr'>respondere.</span> 
     </span>
     <span class='ocr_line' id='line_1_29' title="bbox 179 3394 1839 3480; baseline -0.001 -20"><span class='ocrx_word' id='word_1_311' title='bbox 179 3395 299 3462; x_wconf 78' lang='lat' dir='ltr'>Testes</span> <span class='ocrx_word' id='word_1_312' title='bbox 329 3395 426 3461; x_wconf 89' lang='lat' dir='ltr'>huius</span> <span class='ocrx_word' id='word_1_313' title='bbox 456 3394 559 3479; x_wconf 88' lang='lat' dir='ltr'>legati</span> <span class='ocrx_word' id='word_1_314' title='bbox 589 3400 623 3460; x_wconf 89' lang='lat' dir='ltr'>ct</span> <span class='ocrx_word' id='word_1_315' title='bbox 653 3394 841 3461; x_wconf 87' lang='lat' dir='ltr'>donationis</span> <span class='ocrx_word' id='word_1_316' title='bbox 873 3394 1030 3477; x_wconf 90' lang='lat' dir='ltr'>premisse</span> <span class='ocrx_word' id='word_1_317' title='bbox 1062 3403 1139 3461; x_wconf 91' lang='lat' dir='ltr'>sunt</span> <span class='ocrx_word' id='word_1_318' title='bbox 1169 3395 1235 3463; x_wconf 89' lang='lat' dir='ltr'>viri</span> <span class='ocrx_word' id='word_1_319' title='bbox 1264 3396 1411 3462; x_wconf 90' lang='lat' dir='ltr'>honesti:</span> <span class='ocrx_word' id='word_1_320' title='bbox 1445 3395 1609 3480; x_wconf 87' lang='lat' dir='ltr'>Magister</span> <span class='ocrx_word' id='word_1_321' title='bbox 1645 3394 1839 3460; x_wconf 88' lang='lat' dir='ltr'>Dithmarus</span> 
     </span>
     <span class='ocr_line' id='line_1_30' title="bbox 180 3498 1839 3584; baseline -0.001 -16"><span class='ocrx_word' id='word_1_322' title='bbox 180 3504 326 3568; x_wconf 89' lang='lat' dir='ltr'>decanus</span> <span class='ocrx_word' id='word_1_323' title='bbox 349 3501 486 3567; x_wconf 89' lang='lat' dir='ltr'>ecclesie</span> <span class='ocrx_word' id='word_1_324' title='bbox 502 3501 851 3583; x_wconf 81' lang='lat' dir='ltr'>Frankenvordensis3</span> <span class='ocrx_word' id='word_1_325' title='bbox 876 3499 984 3567; x_wconf 81' lang='lat' dir='ltr'>frater</span> <span class='ocrx_word' id='word_1_326' title='bbox 1000 3502 1079 3568; x_wconf 89' lang='lat' dir='ltr'>Otto</span> <span class='ocrx_word' id='word_1_327' title='bbox 1105 3501 1204 3584; x_wconf 90' lang='lat' dir='ltr'>prior,</span> <span class='ocrx_word' id='word_1_328' title='bbox 1229 3499 1337 3568; x_wconf 84' lang='lat' dir='ltr'>frater</span> <span class='ocrx_word' id='word_1_329' title='bbox 1353 3504 1524 3569; x_wconf 84' lang='lat' dir='ltr'>Conradus</span> <span class='ocrx_word' id='word_1_330' title='bbox 1547 3501 1651 3568; x_wconf 90' lang='lat' dir='ltr'>lector</span> <span class='ocrx_word' id='word_1_331' title='bbox 1675 3507 1710 3566; x_wconf 90' lang='lat' dir='ltr'>et</span> <span class='ocrx_word' id='word_1_332' title='bbox 1732 3498 1839 3566; x_wconf 82' lang='lat' dir='ltr'>irater</span> 
     </span>
     <span class='ocr_line' id='line_1_31' title="bbox 179 3605 1837 3692; baseline -0.001 -18"><span class='ocrx_word' id='word_1_333' title='bbox 179 3607 351 3674; x_wconf 89' lang='lat' dir='ltr'>Beltoldus</span> <span class='ocrx_word' id='word_1_334' title='bbox 383 3609 423 3673; x_wconf 94' lang='lat' dir='ltr'>de</span> <span class='ocrx_word' id='word_1_335' title='bbox 454 3605 660 3688; x_wconf 90' lang='lat' dir='ltr'>Ysinnacho,</span> <span class='ocrx_word' id='word_1_336' title='bbox 695 3606 817 3674; x_wconf 89' lang='lat' dir='ltr'>ordinis</span> <span class='ocrx_word' id='word_1_337' title='bbox 849 3607 1055 3674; x_wconf 90' lang='lat' dir='ltr'>Preditorum</span> <span class='ocrx_word' id='word_1_338' title='bbox 1070 3607 1110 3692; x_wconf 84' lang='lat' dir='ltr'>(t)</span> <span class='ocrx_word' id='word_1_339' title='bbox 1141 3608 1176 3673; x_wconf 95' lang='lat' dir='ltr'>in</span> <span class='ocrx_word' id='word_1_340' title='bbox 1206 3609 1463 3690; x_wconf 81' lang='lat' dir='ltr'>Frankenvord;</span> <span class='ocrx_word' id='word_1_341' title='bbox 1495 3609 1667 3673; x_wconf 78' lang='lat' dir='ltr'>Conradus</span> <span class='ocrx_word' id='word_1_342' title='bbox 1701 3607 1837 3688; x_wconf 87' lang='lat' dir='ltr'>Suevus,</span> 
     </span>
     <span class='ocr_line' id='line_1_32' title="bbox 179 3711 1838 3798; baseline 0.001 -20"><span class='ocrx_word' id='word_1_343' title='bbox 179 3713 351 3796; x_wconf 87' lang='lat' dir='ltr'>Philippus</span> <span class='ocrx_word' id='word_1_344' title='bbox 382 3713 452 3779; x_wconf 90' lang='lat' dir='ltr'>eius</span> <span class='ocrx_word' id='word_1_345' title='bbox 481 3713 577 3796; x_wconf 80' lang='lat' dir='ltr'>filine,</span> <span class='ocrx_word' id='word_1_346' title='bbox 609 3712 746 3795; x_wconf 89' lang='lat' dir='ltr'>milites;</span> <span class='ocrx_word' id='word_1_347' title='bbox 778 3713 905 3798; x_wconf 81' lang='lat' dir='ltr'>Gypelo</span> <span class='ocrx_word' id='word_1_348' title='bbox 937 3721 969 3780; x_wconf 90' lang='lat' dir='ltr'>et</span> <span class='ocrx_word' id='word_1_349' title='bbox 1000 3715 1195 3798; x_wconf 90' lang='lat' dir='ltr'>Rudegerus</span> <span class='ocrx_word' id='word_1_350' title='bbox 1226 3711 1350 3780; x_wconf 82' lang='lat' dir='ltr'>fratres</span> <span class='ocrx_word' id='word_1_351' title='bbox 1380 3715 1421 3779; x_wconf 91' lang='lat' dir='ltr'>de</span> <span class='ocrx_word' id='word_1_352' title='bbox 1451 3713 1641 3796; x_wconf 85' lang='lat' dir='ltr'>Holzhusin,</span> <span class='ocrx_word' id='word_1_353' title='bbox 1667 3714 1838 3779; x_wconf 82' lang='lat' dir='ltr'>Conradus</span> 
     </span>
     <span class='ocr_line' id='line_1_33' title="bbox 178 3817 1837 3904; baseline -0.001 -19"><span class='ocrx_word' id='word_1_354' title='bbox 178 3819 268 3885; x_wconf 87' lang='lat' dir='ltr'>filins</span> <span class='ocrx_word' id='word_1_355' title='bbox 284 3819 436 3901; x_wconf 89' lang='lat' dir='ltr'>Volmari,</span> <span class='ocrx_word' id='word_1_356' title='bbox 454 3817 595 3886; x_wconf 85' lang='lat' dir='ltr'>Siiridus</span> <span class='ocrx_word' id='word_1_357' title='bbox 619 3822 658 3884; x_wconf 93' lang='lat' dir='ltr'>de</span> <span class='ocrx_word' id='word_1_358' title='bbox 675 3819 876 3902; x_wconf 84' lang='lat' dir='ltr'>Gysinheim,</span> <span class='ocrx_word' id='word_1_359' title='bbox 902 3821 1046 3904; x_wconf 91' lang='lat' dir='ltr'>scabini;</span> <span class='ocrx_word' id='word_1_360' title='bbox 1072 3820 1236 3886; x_wconf 90' lang='lat' dir='ltr'>Henricus</span> <span class='ocrx_word' id='word_1_361' title='bbox 1259 3823 1300 3886; x_wconf 93' lang='lat' dir='ltr'>de</span> <span class='ocrx_word' id='word_1_362' title='bbox 1316 3819 1508 3901; x_wconf 90' lang='lat' dir='ltr'>Holzhusin,</span> <span class='ocrx_word' id='word_1_363' title='bbox 1533 3819 1698 3886; x_wconf 87' lang='lat' dir='ltr'>Henricus</span> <span class='ocrx_word' id='word_1_364' title='bbox 1713 3819 1837 3903; x_wconf 90' lang='lat' dir='ltr'>Lupus,</span> 
     </span>
     <span class='ocr_line' id='line_1_34' title="bbox 180 3925 1840 4010; baseline 0.001 -20"><span class='ocrx_word' id='word_1_365' title='bbox 180 3925 402 3992; x_wconf 75' lang='lat' dir='ltr'>Theodericus</span> <span class='ocrx_word' id='word_1_366' title='bbox 419 3925 579 4008; x_wconf 81' lang='lat' dir='ltr'>notarice,</span> <span class='ocrx_word' id='word_1_367' title='bbox 597 3933 631 3991; x_wconf 89' lang='lat' dir='ltr'>et</span> <span class='ocrx_word' id='word_1_368' title='bbox 647 3925 705 3991; x_wconf 92' lang='lat' dir='ltr'>alii</span> <span class='ocrx_word' id='word_1_369' title='bbox 719 3945 816 4008; x_wconf 89' lang='lat' dir='ltr'>quam</span> <span class='ocrx_word' id='word_1_370' title='bbox 833 3926 944 4010; x_wconf 88' lang='lat' dir='ltr'>plures</span> <span class='ocrx_word' id='word_1_371' title='bbox 961 3927 1050 3995; x_wconf 90' lang='lat' dir='ltr'>cives</span> <span class='ocrx_word' id='word_1_372' title='bbox 1066 3928 1405 3994; x_wconf 81' lang='lat' dir='ltr'>Frankenvordenses</span> <span class='ocrx_word' id='word_1_373' title='bbox 1420 3925 1585 4010; x_wconf 87' lang='lat' dir='ltr'>fidedigni.</span> <span class='ocrx_word' id='word_1_374' title='bbox 1626 3927 1666 3991; x_wconf 92' lang='lat' dir='ltr'>In</span> <span class='ocrx_word' id='word_1_375' title='bbox 1682 3925 1775 3991; x_wconf 93' lang='lat' dir='ltr'>cuius</span> <span class='ocrx_word' id='word_1_376' title='bbox 1791 3925 1840 3992; x_wconf 92' lang='lat' dir='ltr'>rei</span> 
     </span>
     <span class='ocr_line' id='line_1_35' title="bbox 180 4031 1841 4117; baseline -0.001 -19"><span class='ocrx_word' id='word_1_377' title='bbox 180 4031 403 4099; x_wconf 88' lang='lat' dir='ltr'>testimonium</span> <span class='ocrx_word' id='word_1_378' title='bbox 432 4037 465 4098; x_wconf 93' lang='lat' dir='ltr'>et</span> <span class='ocrx_word' id='word_1_379' title='bbox 496 4037 689 4114; x_wconf 88' lang='lat' dir='ltr'>perpetuam</span> <span class='ocrx_word' id='word_1_380' title='bbox 719 4033 907 4100; x_wconf 87' lang='lat' dir='ltr'>firmitatem</span> <span class='ocrx_word' id='word_1_381' title='bbox 937 4054 997 4117; x_wconf 85' lang='lat' dir='ltr'>ego</span> <span class='ocrx_word' id='word_1_382' title='bbox 1021 4032 1215 4116; x_wconf 82' lang='lat' dir='ltr'>Adilheydis</span> <span class='ocrx_word' id='word_1_383' title='bbox 1244 4038 1425 4099; x_wconf 86' lang='lat' dir='ltr'>memorata</span> <span class='ocrx_word' id='word_1_384' title='bbox 1449 4035 1491 4098; x_wconf 92' lang='lat' dir='ltr'>ad</span> <span class='ocrx_word' id='word_1_385' title='bbox 1515 4052 1621 4098; x_wconf 91' lang='lat' dir='ltr'>meam</span> <span class='ocrx_word' id='word_1_386' title='bbox 1644 4031 1841 4114; x_wconf 91' lang='lat' dir='ltr'>peticionem</span> 
     </span>
     <span class='ocr_line' id='line_1_36' title="bbox 179 4125 1840 4223; baseline 0 -19"><span class='ocrx_word' id='word_1_387' title='bbox 179 4137 308 4204; x_wconf 88' lang='lat' dir='ltr'>obtinui</span> <span class='ocrx_word' id='word_1_388' title='bbox 331 4145 502 4221; x_wconf 90' lang='lat' dir='ltr'>presentes</span> <span class='ocrx_word' id='word_1_389' title='bbox 525 4137 656 4204; x_wconf 88' lang='lat' dir='ltr'>litteras</span> <span class='ocrx_word' id='word_1_390' title='bbox 680 4137 786 4222; x_wconf 88' lang='lat' dir='ltr'>sigillo</span> <span class='ocrx_word' id='word_1_391' title='bbox 810 4139 1038 4206; x_wconf 90' lang='lat' dir='ltr'>universitatis</span> <span class='ocrx_word' id='word_1_392' title='bbox 1062 4139 1152 4222; x_wconf 91' lang='lat' dir='ltr'>opidi</span> <span class='ocrx_word' id='word_1_393' title='bbox 1166 4140 1407 4205; x_wconf 88' lang='lat' dir='ltr'>Frankenvord</span> <span class='ocrx_word' id='word_1_394' title='bbox 1431 4145 1466 4204; x_wconf 90' lang='lat' dir='ltr'>et</span> <span class='ocrx_word' id='word_1_395' title='bbox 1489 4137 1596 4222; x_wconf 89' lang='lat' dir='ltr'>sigillo</span> <span class='ocrx_word' id='word_1_396' title='bbox 1612 4125 1840 4223; x_wconf 83' lang='lat' dir='ltr'>religiosorum</span> 
     </span>
     <span class='ocr_line' id='line_1_37' title="bbox 179 4244 1838 4328; baseline 0 -16"><span class='ocrx_word' id='word_1_397' title='bbox 179 4244 327 4312; x_wconf 89' lang='lat' dir='ltr'>virorum</span> <span class='ocrx_word' id='word_1_398' title='bbox 345 4297 351 4310; x_wconf 92' lang='lat'>.</span> <span class='ocrx_word' id='word_1_399' title='bbox 371 4296 377 4310; x_wconf 92' lang='lat'>.</span> <span class='ocrx_word' id='word_1_400' title='bbox 395 4245 514 4327; x_wconf 91' lang='lat' dir='ltr'>prioris</span> <span class='ocrx_word' id='word_1_401' title='bbox 538 4251 572 4310; x_wconf 92' lang='lat' dir='ltr'>ct</span> <span class='ocrx_word' id='word_1_402' title='bbox 589 4301 595 4314; x_wconf 89' lang='lat'><strong>.</strong></span> <span class='ocrx_word' id='word_1_403' title='bbox 615 4296 621 4308; x_wconf 95' lang='lat'>.</span> <span class='ocrx_word' id='word_1_404' title='bbox 640 4251 821 4312; x_wconf 89' lang='lat' dir='ltr'>conventus</span> <span class='ocrx_word' id='word_1_405' title='bbox 844 4246 1091 4312; x_wconf 89' lang='lat' dir='ltr'>Predicatorum</span> <span class='ocrx_word' id='word_1_406' title='bbox 1107 4247 1359 4326; x_wconf 83' lang='lat' dir='ltr'>Frankenvord,</span> <span class='ocrx_word' id='word_1_407' title='bbox 1384 4264 1512 4311; x_wconf 93' lang='lat' dir='ltr'>necnon</span> <span class='ocrx_word' id='word_1_408' title='bbox 1536 4244 1642 4328; x_wconf 86' lang='lat' dir='ltr'>sigillo</span> <span class='ocrx_word' id='word_1_409' title='bbox 1667 4246 1788 4312; x_wconf 88' lang='lat' dir='ltr'>domini</span> <span class='ocrx_word' id='word_1_410' title='bbox 1805 4298 1811 4310; x_wconf 94' lang='lat'>.</span> <span class='ocrx_word' id='word_1_411' title='bbox 1831 4299 1838 4311; x_wconf 93' lang='lat'>.</span> 
     </span>
     <span class='ocr_line' id='line_1_38' title="bbox 179 4347 1838 4418; baseline 0.001 -2"><span class='ocrx_word' id='word_1_412' title='bbox 179 4350 299 4416; x_wconf 90' lang='lat' dir='ltr'>decani</span> <span class='ocrx_word' id='word_1_413' title='bbox 329 4350 464 4417; x_wconf 92' lang='lat' dir='ltr'>ecclesie</span> <span class='ocrx_word' id='word_1_414' title='bbox 494 4351 824 4418; x_wconf 84' lang='lat' dir='ltr'>Frankenvordensis</span> <span class='ocrx_word' id='word_1_415' title='bbox 855 4351 1053 4418; x_wconf 83' lang='lat' dir='ltr'>communiri.</span> <span class='ocrx_word' id='word_1_416' title='bbox 1108 4355 1228 4417; x_wconf 85' lang='lat' dir='ltr'>Actum</span> <span class='ocrx_word' id='word_1_417' title='bbox 1257 4357 1292 4417; x_wconf 90' lang='lat' dir='ltr'>et</span> <span class='ocrx_word' id='word_1_418' title='bbox 1322 4355 1435 4416; x_wconf 89' lang='lat' dir='ltr'>datum</span> <span class='ocrx_word' id='word_1_419' title='bbox 1465 4371 1551 4418; x_wconf 91' lang='lat' dir='ltr'>anno</span> <span class='ocrx_word' id='word_1_420' title='bbox 1582 4351 1704 4418; x_wconf 91' lang='lat' dir='ltr'>domini</span> <span class='ocrx_word' id='word_1_421' title='bbox 1732 4353 1773 4417; x_wconf 84' lang='lat' dir='ltr'>rb.</span> <span class='ocrx_word' id='word_1_422' title='bbox 1795 4347 1838 4418; x_wconf 82' lang='lat' dir='ltr'>o‘c.</span> 
     </span>
    </p>
   </div>
   <div class='ocr_carea' id='block_1_3' title="bbox 180 4456 1428 4542">
    <p class='ocr_par' dir='ltr' id='par_1_3' title="bbox 180 4456 1428 4542">
     <span class='ocr_line' id='line_1_39' title="bbox 180 4456 1428 4542; baseline -0.002 -19"><span class='ocrx_word' id='word_1_423' title='bbox 180 4457 392 4540; x_wconf 88' lang='lat' dir='ltr'>nonagesimo</span> <span class='ocrx_word' id='word_1_424' title='bbox 417 4459 569 4539; x_wconf 92' lang='lat' dir='ltr'>secundo,</span> <span class='ocrx_word' id='word_1_425' title='bbox 593 4457 628 4522; x_wconf 93' lang='lat' dir='ltr'>in</span> <span class='ocrx_word' id='word_1_426' title='bbox 652 4456 703 4522; x_wconf 91' lang='lat' dir='ltr'>die</span> <span class='ocrx_word' id='word_1_427' title='bbox 727 4459 824 4525; x_wconf 89' lang='lat' dir='ltr'>beate</span> <span class='ocrx_word' id='word_1_428' title='bbox 847 4458 1028 4525; x_wconf 88' lang='lat' dir='ltr'>Katherine</span> <span class='ocrx_word' id='word_1_429' title='bbox 1051 4457 1192 4542; x_wconf 88' lang='lat' dir='ltr'>virginis</span> <span class='ocrx_word' id='word_1_430' title='bbox 1216 4464 1250 4523; x_wconf 90' lang='lat' dir='ltr'>et</span> <span class='ocrx_word' id='word_1_431' title='bbox 1271 4456 1428 4524; x_wconf 89' lang='lat' dir='ltr'>martiris.</span> 
     </span>
    </p>
   </div>
   <div class='ocr_carea' id='block_1_4' title="bbox 397 4571 1841 4908">
    <p class='ocr_par' dir='ltr' id='par_1_4' title="bbox 398 4571 1841 4731">
     <span class='ocr_line' id='line_1_40' title="bbox 398 4571 1841 4643; baseline -0.001 -16"><span class='ocrx_word' id='word_1_432' title='bbox 398 4571 444 4627; x_wconf 88' lang='lat' dir='ltr'>Or.</span> <span class='ocrx_word' id='word_1_433' title='bbox 458 4573 546 4643; x_wconf 77' lang='lat' dir='ltr'>Ppmt.</span> <span class='ocrx_word' id='word_1_434' title='bbox 588 4574 636 4626; x_wconf 82' lang='lat' dir='ltr'>An</span> <span class='ocrx_word' id='word_1_435' title='bbox 660 4571 876 4637; x_wconf 79' lang='lat' dir='ltr'>Henfscbndree</span> <span class='ocrx_word' id='word_1_436' title='bbox 902 4572 1068 4641; x_wconf 80' lang='lat' dir='ltr'>enbdnpend</span> <span class='ocrx_word' id='word_1_437' title='bbox 1092 4577 1121 4640; x_wconf 88' lang='lat'>1)</span> <span class='ocrx_word' id='word_1_438' title='bbox 1149 4571 1311 4642; x_wconf 66' lang='lat' dir='ltr'>&amp;edteiepel</span> <span class='ocrx_word' id='word_1_439' title='bbox 1325 4574 1377 4640; x_wconf 86' lang='lat'>(2),</span> <span class='ocrx_word' id='word_1_440' title='bbox 1407 4573 1438 4637; x_wconf 83' lang='lat'>2)</span> <span class='ocrx_word' id='word_1_441' title='bbox 1464 4572 1552 4641; x_wconf 79' lang='lat' dir='ltr'>Siepel</span> <span class='ocrx_word' id='word_1_442' title='bbox 1575 4571 1624 4627; x_wconf 80' lang='lat' dir='ltr'>der</span> <span class='ocrx_word' id='word_1_443' title='bbox 1650 4572 1841 4637; x_wconf 81' lang='lat' dir='ltr'>Franksurter</span> 
     </span>
     <span class='ocr_line' id='line_1_41' title="bbox 448 4658 1838 4731; baseline -0.001 -16"><span class='ocrx_word' id='word_1_444' title='bbox 448 4660 657 4729; x_wconf 79' lang='lat' dir='ltr'>Dominilcener,</span> <span class='ocrx_word' id='word_1_445' title='bbox 683 4663 712 4726; x_wconf 86' lang='lat'>3)</span> <span class='ocrx_word' id='word_1_446' title='bbox 733 4658 820 4731; x_wconf 67' lang='lat' dir='ltr'>sequ</span> <span class='ocrx_word' id='word_1_447' title='bbox 844 4661 891 4716; x_wconf 82' lang='lat' dir='ltr'>dee</span> <span class='ocrx_word' id='word_1_448' title='bbox 914 4662 1073 4716; x_wconf 73' lang='lat' dir='ltr'>Derbenten</span> <span class='ocrx_word' id='word_1_449' title='bbox 1098 4661 1222 4730; x_wconf 81' lang='lat' dir='ltr'>Ditmer,</span> <span class='ocrx_word' id='word_1_450' title='bbox 1248 4661 1339 4715; x_wconf 73' lang='grc' dir='ltr'><em>ἀαυοη</em></span> <span class='ocrx_word' id='word_1_451' title='bbox 1362 4661 1459 4714; x_wconf 83' lang='lat' dir='ltr'>2end</span> <span class='ocrx_word' id='word_1_452' title='bbox 1476 4663 1494 4714; x_wconf 87' lang='grc'><em>3</em></span> <span class='ocrx_word' id='word_1_453' title='bbox 1511 4665 1561 4730; x_wconf 78' lang='lat' dir='ltr'>pet</span> <span class='ocrx_word' id='word_1_454' title='bbox 1587 4661 1716 4717; x_wconf 69' lang='lat' dir='ltr'>mbnltm.</span> <span class='ocrx_word' id='word_1_455' title='bbox 1761 4660 1838 4714; x_wconf 72' lang='lat' dir='ltr'>Licin</span> 
     </span>
    </p>

    <p class='ocr_par' dir='ltr' id='par_1_5' title="bbox 397 4749 890 4818">
     <span class='ocr_line' id='line_1_42' title="bbox 397 4749 890 4818; baseline -0.002 -14"><span class='ocrx_word' id='word_1_456' title='bbox 397 4749 630 4818; x_wconf 73' lang='lat' dir='ltr'>Geor.:13.,275</span> <span class='ocrx_word' id='word_1_457' title='bbox 648 4751 719 4804; x_wconf 76' lang='lat' dir='ltr'>neele</span> <span class='ocrx_word' id='word_1_458' title='bbox 737 4749 797 4803; x_wconf 73' lang='lat' dir='ltr'>dnn</span> <span class='ocrx_word' id='word_1_459' title='bbox 818 4749 863 4804; x_wconf 84' lang='lat' dir='ltr'>Or.</span> <span class='ocrx_word' id='word_1_460' title='bbox 885 4790 890 4803; x_wconf 94' lang='lat'>.</span> 
     </span>
    </p>

    <p class='ocr_par' dir='ltr' id='par_1_6' title="bbox 403 4837 1164 4908">
     <span class='ocr_line' id='line_1_43' title="bbox 403 4837 1164 4908; baseline 0.001 -15"><span class='ocrx_word' id='word_1_461' title='bbox 403 4838 494 4893; x_wconf 70' lang='lat' dir='ltr'>Vera:</span> <span class='ocrx_word' id='word_1_462' title='bbox 512 4837 618 4906; x_wconf 78' lang='lat' dir='ltr'>Scribe,</span> <span class='ocrx_word' id='word_1_463' title='bbox 637 4838 681 4906; x_wconf 85' lang='grc' dir='ltr'>ΙΙ,</span> <span class='ocrx_word' id='word_1_464' title='bbox 700 4838 754 4892; x_wconf 87' lang='grc' dir='ltr'>Νο.</span> <span class='ocrx_word' id='word_1_465' title='bbox 768 4841 829 4906; x_wconf 76' lang='grc'>827,</span> <span class='ocrx_word' id='word_1_466' title='bbox 857 4839 969 4907; x_wconf 77' lang='lat' dir='ltr'>Areada,</span> <span class='ocrx_word' id='word_1_467' title='bbox 993 4838 1084 4908; x_wconf 70' lang='lat' dir='ltr'>Urleb,</span> <span class='ocrx_word' id='word_1_468' title='bbox 1101 4841 1164 4895; x_wconf 86' lang='grc'><em>217.</em></span> 
     </span>
    </p>
   </div>
   <div class='ocr_carea' id='block_1_5' title="bbox 180 5063 1840 5473">
    <p class='ocr_par' dir='ltr' id='par_1_7' title="bbox 180 5063 1840 5473">
     <span class='ocr_line' id='line_1_44' title="bbox 180 5063 1838 5152; baseline -0.002 -13"><span class='ocrx_word' id='word_1_469' title='bbox 180 5063 274 5141; x_wconf 80' lang='grc'>621.</span> <span class='ocrx_word' id='word_1_470' title='bbox 297 5069 463 5151; x_wconf 82' lang='lat' dir='ltr'>Heinrich,</span> <span class='ocrx_word' id='word_1_471' title='bbox 487 5070 590 5136; x_wconf 74' lang='lat' dir='ltr'>Rern</span> <span class='ocrx_word' id='word_1_472' title='bbox 613 5092 673 5135; x_wconf 87' lang='lat' dir='ltr'>eon</span> <span class='ocrx_word' id='word_1_473' title='bbox 695 5071 966 5149; x_wconf 82' lang='lat' dir='ltr'>Seelesenlrensen,</span> <span class='ocrx_word' id='word_1_474' title='bbox 991 5072 1057 5135; x_wconf 79' lang='lat' dir='ltr'>end</span> <span class='ocrx_word' id='word_1_475' title='bbox 1080 5075 1165 5136; x_wconf 80' lang='lat' dir='ltr'>scine</span> <span class='ocrx_word' id='word_1_476' title='bbox 1182 5071 1352 5136; x_wconf 74' lang='lat' dir='ltr'>Gemellino</span> <span class='ocrx_word' id='word_1_477' title='bbox 1367 5071 1486 5152; x_wconf 76' lang='lat' dir='ltr'>Sepeia</span> <span class='ocrx_word' id='word_1_478' title='bbox 1512 5074 1623 5135; x_wconf 71' lang='lat' dir='ltr'>weisen</span> <span class='ocrx_word' id='word_1_479' title='bbox 1645 5071 1714 5134; x_wconf 70' lang='lat' dir='ltr'>dean</span> <span class='ocrx_word' id='word_1_480' title='bbox 1730 5070 1838 5152; x_wconf 69' lang='lat' dir='ltr'>Senn-</span> 
     </span>
     <span class='ocr_line' id='line_1_45' title="bbox 297 5177 1840 5262; baseline -0.001 -19"><span class='ocrx_word' id='word_1_481' title='bbox 297 5179 414 5260; x_wconf 76' lang='lat' dir='ltr'>lcepdel</span> <span class='ocrx_word' id='word_1_482' title='bbox 442 5179 498 5242; x_wconf 84' lang='lat' dir='ltr'>des</span> <span class='ocrx_word' id='word_1_483' title='bbox 527 5177 675 5262; x_wconf 77' lang='lat' dir='ltr'>Heile‘pen</span> <span class='ocrx_word' id='word_1_484' title='bbox 706 5178 845 5261; x_wconf 78' lang='lat' dir='ltr'>Ginpelf</span> <span class='ocrx_word' id='word_1_485' title='bbox 871 5200 913 5242; x_wconf 76' lang='lat' dir='ltr'>an</span> <span class='ocrx_word' id='word_1_486' title='bbox 943 5177 1059 5242; x_wconf 77' lang='lat' dir='ltr'>Meter</span> <span class='ocrx_word' id='word_1_487' title='bbox 1087 5178 1147 5260; x_wconf 69' lang='lat' dir='ltr'>fiir</span> <span class='ocrx_word' id='word_1_488' title='bbox 1176 5181 1243 5242; x_wconf 81' lang='lat' dir='ltr'>eine</span> <span class='ocrx_word' id='word_1_489' title='bbox 1272 5177 1363 5260; x_wconf 77' lang='lat' dir='ltr'>ane</span> <span class='ocrx_word' id='word_1_490' title='bbox 1393 5181 1428 5241; x_wconf 82' lang='lat' dir='ltr'>e&#39;n</span> <span class='ocrx_word' id='word_1_491' title='bbox 1449 5177 1572 5241; x_wconf 80' lang='lat' dir='ltr'>Etoben</span> <span class='ocrx_word' id='word_1_492' title='bbox 1602 5182 1644 5241; x_wconf 85' lang='lat'>15</span> <span class='ocrx_word' id='word_1_493' title='bbox 1668 5177 1840 5261; x_wconf 78' lang='lat' dir='ltr'>Scbtlle&#39;npe</span> 
     </span>
     <span class='ocr_line' id='line_1_46' title="bbox 293 5281 1837 5366; baseline -0.001 -15"><span class='ocrx_word' id='word_1_494' title='bbox 293 5285 476 5365; x_wconf 81' lang='lat' dir='ltr'>jdbrlieleen</span> <span class='ocrx_word' id='word_1_495' title='bbox 507 5284 618 5349; x_wconf 82' lang='lat' dir='ltr'>Zinses</span> <span class='ocrx_word' id='word_1_496' title='bbox 651 5305 711 5349; x_wconf 86' lang='lat' dir='ltr'>eon</span> <span class='ocrx_word' id='word_1_497' title='bbox 742 5285 811 5349; x_wconf 84' lang='lat' dir='ltr'>dem</span> <span class='ocrx_word' id='word_1_498' title='bbox 840 5284 954 5349; x_wconf 84' lang='lat' dir='ltr'>Hense</span> <span class='ocrx_word' id='word_1_499' title='bbox 985 5284 1067 5349; x_wconf 83' lang='lat' dir='ltr'>ann</span> <span class='ocrx_word' id='word_1_500' title='bbox 1096 5285 1280 5349; x_wconf 77' lang='lat' dir='ltr'>sedwarren</span> <span class='ocrx_word' id='word_1_501' title='bbox 1309 5284 1476 5348; x_wconf 83' lang='lat' dir='ltr'>Hermann</span> <span class='ocrx_word' id='word_1_502' title='bbox 1507 5287 1543 5348; x_wconf 84' lang='lat' dir='ltr'>in</span> <span class='ocrx_word' id='word_1_503' title='bbox 1571 5281 1756 5366; x_wconf 74' lang='lat' dir='ltr'>Frenlcfeet</span> <span class='ocrx_word' id='word_1_504' title='bbox 1784 5306 1837 5349; x_wconf 88' lang='lat' dir='ltr'>en.</span> 
     </span>
     <span class='ocr_line' id='line_1_47' title="bbox 298 5389 851 5473; baseline 0 -18"><span class='ocrx_word' id='word_1_505' title='bbox 298 5390 493 5473; x_wconf 77' lang='lat' dir='ltr'>Frenlcfnrt,</span> <span class='ocrx_word' id='word_1_506' title='bbox 518 5397 608 5456; x_wconf 79' lang='lat'><em>1292</em></span> <span class='ocrx_word' id='word_1_507' title='bbox 628 5389 798 5456; x_wconf 86' lang='lat' dir='ltr'>December</span> <span class='ocrx_word' id='word_1_508' title='bbox 820 5397 851 5455; x_wconf 84' lang='lat'>5.</span> 
     </span>
    </p>
   </div>
   <div class='ocr_carea' id='block_1_6' title="bbox 181 5504 1929 5697">
    <p class='ocr_par' dir='ltr' id='par_1_8' title="bbox 181 5504 1929 5697">
     <span class='ocr_line' id='line_1_48' title="bbox 289 5504 1929 5612; baseline -0.001 -41"><span class='ocrx_word' id='word_1_509' title='bbox 289 5507 358 5572; x_wconf 89' lang='lat' dir='ltr'>Nos</span> <span class='ocrx_word' id='word_1_510' title='bbox 374 5504 537 5573; x_wconf 89' lang='lat' dir='ltr'>Henricus</span> <span class='ocrx_word' id='word_1_511' title='bbox 560 5505 652 5572; x_wconf 90' lang='lat' dir='ltr'>miles</span> <span class='ocrx_word' id='word_1_512' title='bbox 675 5508 715 5572; x_wconf 91' lang='lat' dir='ltr'>de</span> <span class='ocrx_word' id='word_1_513' title='bbox 732 5505 953 5588; x_wconf 83' lang='lat' dir='ltr'>Sassinhusin,</span> <span class='ocrx_word' id='word_1_514' title='bbox 978 5505 1064 5572; x_wconf 85' lang='lat' dir='ltr'>filius</span> <span class='ocrx_word' id='word_1_515' title='bbox 1087 5507 1250 5587; x_wconf 89' lang='lat' dir='ltr'>quondam</span> <span class='ocrx_word' id='word_1_516' title='bbox 1267 5505 1397 5571; x_wconf 88' lang='lat' dir='ltr'>Rudolfi</span> <span class='ocrx_word' id='word_1_517' title='bbox 1420 5504 1541 5584; x_wconf 83' lang='lat' dir='ltr'>militie,</span> <span class='ocrx_word' id='word_1_518' title='bbox 1567 5505 1651 5572; x_wconf 90' lang='lat' dir='ltr'>civis</span> <span class='ocrx_word' id='word_1_519' title='bbox 1667 5505 1840 5571; x_wconf 74' lang='lat' dir='ltr'>Franken·</span> <span class='ocrx_word' id='word_1_520' title='bbox 1924 5601 1929 5612; x_wconf 30' lang='grc' dir='ltr'><strong><em>ι</em></strong></span> 
     </span>
     <span class='ocr_line' id='line_1_49' title="bbox 181 5610 1840 5697; baseline -0.002 -16"><span class='ocrx_word' id='word_1_521' title='bbox 181 5611 365 5694; x_wconf 86' lang='lat' dir='ltr'>verdensis,</span> <span class='ocrx_word' id='word_1_522' title='bbox 391 5619 424 5678; x_wconf 91' lang='lat' dir='ltr'>et</span> <span class='ocrx_word' id='word_1_523' title='bbox 442 5611 466 5687; x_wconf 81' lang='lat' dir='ltr'>ll</span> <span class='ocrx_word' id='word_1_524' title='bbox 487 5613 629 5696; x_wconf 74' lang='lat' dir='ltr'>sophya,</span> <span class='ocrx_word' id='word_1_525' title='bbox 653 5632 736 5678; x_wconf 84' lang='lat' dir='ltr'>uxor</span> <span class='ocrx_word' id='word_1_526' title='bbox 759 5613 828 5679; x_wconf 88' lang='lat' dir='ltr'>cius</span> <span class='ocrx_word' id='word_1_527' title='bbox 850 5612 1023 5697; x_wconf 85' lang='lat' dir='ltr'>legittima.</span> <span class='ocrx_word' id='word_1_528' title='bbox 1075 5613 1203 5678; x_wconf 83' lang='lat' dir='ltr'>Tenere</span> <span class='ocrx_word' id='word_1_529' title='bbox 1227 5610 1432 5693; x_wconf 91' lang='lat' dir='ltr'>presencium</span> <span class='ocrx_word' id='word_1_530' title='bbox 1453 5610 1728 5695; x_wconf 86' lang='lat' dir='ltr'>recognoscimus,</span> <span class='ocrx_word' id='word_1_531' title='bbox 1753 5615 1840 5693; x_wconf 91' lang='lat' dir='ltr'>quod</span> 
     </span>
    </p>
   </div>
   <div class='ocr_carea' id='block_1_7' title="bbox 451 5770 959 5825">
    <p class='ocr_par' dir='ltr' id='par_1_9' title="bbox 451 5770 959 5825">
     <span class='ocr_line' id='line_1_50' title="bbox 451 5770 959 5825; baseline -0.004 -10"><span class='ocrx_word' id='word_1_532' title='bbox 451 5773 476 5825; x_wconf 77' lang='grc' dir='ltr'>ι)</span> <span class='ocrx_word' id='word_1_533' title='bbox 491 5771 529 5815; x_wconf 65' lang='lat' dir='ltr'>he</span> <span class='ocrx_word' id='word_1_534' title='bbox 543 5774 664 5825; x_wconf 71' lang='lat' dir='ltr'>neema</span> <span class='ocrx_word' id='word_1_535' title='bbox 676 5773 743 5815; x_wconf 73' lang='lat' dir='ltr'>cedre</span> <span class='ocrx_word' id='word_1_536' title='bbox 755 5773 816 5814; x_wconf 78' lang='lat' dir='ltr'>etna</span> <span class='ocrx_word' id='word_1_537' title='bbox 831 5770 959 5824; x_wconf 51' lang='lat' dir='ltr'>‚debente</span> 
     </span>
    </p>
   </div>
   <div class='ocr_carea' id='block_1_8' title="bbox 0 0 2206 6384">
    <p class='ocr_par' dir='ltr' id='par_1_10' title="bbox 0 0 2206 6384">
     <span class='ocr_line' id='line_1_51' title="bbox 0 0 2206 6384; baseline 0 0"><span class='ocrx_word' id='word_1_538' title='bbox 0 0 2206 6384; x_wconf 95' lang='lat' dir='ltr'> </span> 
     </span>
    </p>
   </div>
  </div>
 </body>
</html>
