4400 6384
686 334 753 387 1268
773 332 920 388 December
940 332 954 385 1
975 365 1008 371 -
1029 334 1097 387 1269
1122 332 1260 387 1161628,
1738 337 1795 401 l-ll

262 535 301 597 de
338 533 569 615 Ronnenberg,
607 531 771 597 Arnoldus
799 530 958 613 magister
994 530 1111 612 operis.
1170 531 1229 595 1116
1256 533 1346 595 66616
1388 532 1570 613 11661666
1596 533 1702 613 stepen
1733 536 1796 595 enit.

263 646 349 704 1266
376 639 541 703 11666666·
570 646 595 703 7.
633 636 706 719 (ier.
732 638 752 697 6
778 657 809 717 p.
834 634 857 700 f.
884 638 913 701 b.
940 636 1091 706 nicolaio

358 780 439 833 Gedr.
454 780 524 833 66616
543 780 601 834 darn
623 778 685 835 Or.:
703 778 830 845 Jocnru'a,
850 778 1034 846 spicarium,
1053 783 1115 832 287.

352 868 469 922 Wer'tere
486 869 597 923 Druckc
615 884 700 922 cera:
719 866 824 934 Scaea
843 866 863 919 1
880 867 932 921 No.
954 870 1014 934 501,
1039 866 1113 932 Wtu,
1133 867 1239 923 Maiae.
1257 868 1332 939 Rea,
1348 869 1442 923 XXX
1448 868 1496 936 VI,
1516 869 1569 923 No.
1588 872 1649 921 216.

139 1173 235 1249 287.
264 1182 427 1262 Woifrunr,
455 1182 590 1245 666-66616
615 1182 807 1244 Soranorum·
834 1202 874 1243 66
901 1179 1093 1261 1616616661,
1121 1180 1357 1259 6616611666
1384 1178 1737 1244 Derrisrbordrnsircrcrr
1759 1203 1799 1244 ru

258 1288 518 1353 ‚saracenicam-
542 1286 743 1351 Kornrerrtru
766 1310 826 1350 666
850 1288 917 1351 ‹Irru
944 1286 1073 1350 Linaton·
1099 1287 1162 1349 und
1188 1286 1389 1350 (1616161666.
1442 1294 1534 1351 reos.

249 1430 321 1512 Ego
337 1428 538 1495 Wollramus
561 1432 723 1509 quondam
741 1429 903 1494 scultetus
919 1428 1275 1494 Frankenvortdensis.
1301 1428 1413 1494 Facile
1431 1450 1452 1493 a
1466 1430 1621 1495 memoria
1638 1429 1801 1495 hominurn

139 1536 276 1611 labitur,
302 1539 386 1617 quod
404 1555 464 1601 nec
488 1554 568 1602 voce
593 1534 726 1601 testium
745 1535 769 1606 11
787 1555 847 1600 666
871 1534 1056 1600 litterarum
1073 1535 1260 1601 testimonio
1285 1537 1471 1601 roboretur.
1520 1536 1605 1602 Hinc
1630 1544 1690 1613 est,
1716 1538 1799 1616 quod

137 1652 254 1709 tenore
280 1642 484 1725 presencium
507 1648 661 1708 constare
686 1642 780 1724 cupio
797 1640 925 1724 publice
952 1642 1144 1722 profitendo,
1170 1644 1256 1721 quod
1278 1661 1338 1723 ego
1352 1643 1395 1707 ‘de
1413 1641 1640 1712 admisllsione
1656 1640 1800 1707 manuali

138 1749 323 1829 Udelindia
357 1748 468 1815 uxoris
501 1768 579 1828 mee,
615 1767 741 1813 necnon
765 1746 913 1815 Heinrici
937 1755 969 1813 et
994 1747 1167 1827 Richwini,
1201 1747 1340 1813 filiorum
1363 1766 1519 1831 meorum,
1554 1756 1801 1829 ceterorumque

137 1858 297 1923 heredum
328 1874 471 1922 meorum
501 1854 665 1927 vendilldi
696 1852 857 1919 iratribus
885 1856 999 1919 domus
1031 1854 1227 1920 Teuthrau‘rr
1256 1853 1290 1919 in
1326 1854 1552 1921 Sassenhuseu
1583 1854 1649 1921 tria
1680 1854 1802 1920 octalia

137 1962 282 2045 siliginis
306 1970 340 2028 et
363 1964 444 2027 duos
468 1961 601 2041 modice,
627 1980 707 2041 quos
732 1960 829 2027 michi
852 1960 981 2025 nomine
1006 1978 1123 2026 census
1148 1963 1187 2025 de
1212 1962 1351 2040 quodam
1372 1979 1485 2026 manso
1510 1961 1573 2027 sito
1596 1960 1631 2026 in
1654 1961 1801 2027 Lindebe

137 2068 279 2152 singulis
304 2068 398 2135 annis
422 2069 562 2148 dabant3
588 2066 720 2133 vendidi
736 2066 838 2133 eciam
857 2066 977 2132 eisdem
998 2066 1112 2133 XXX.
1131 2066 1283 2133 denarios
1299 2067 1645 2134 Frankenvertdensis
1660 2075 1800 2147 monete,

137 2194 223 2257 quos
245 2174 345 2241 miehi
367 2177 407 2240 de
431 2174 625 2257 quibusdam
649 2173 742 2239 bonis
766 2176 845 2239 dare
870 2172 972 2240 eciam
996 2179 1248 2239 consueverunt.
1297 2173 1479 2256 Resignavi
1501 2172 1583 2255 ipsis
1607 2173 1799 2253 huiusmodi,

137 2281 351 2363 presentibus
372 2280 523 2363 personis
539 2280 744 2363 subscriptio,
770 2299 831 2359 que
848 2280 960 2361 utique
977 2279 1122 2345 eiusdem
1137 2279 1186 2345 rei
1202 2285 1305 2345 testes
1322 2299 1394 2347 esse
1410 2279 1560 2347 similiter
1575 2279 1800 2361 dinoscuntur,

137 2387 312 2455 videlicet:
338 2388 491 2454 Conrado
515 2386 655 2453 sculteto
672 2385 1010 2465 Frankenvortdensi,
1028 2385 1182 2451 Volmaro
1206 2388 1247 2453 de
1260 2385 1449 2467 Ovenbacb,
1475 2388 1626 2453 Conrado
1639 2385 1800 2479 Wobelin

137 2496 297 2561 ,Iohanne
322 2493 497 2573 Goltstein,
522 2492 677 2559 Heinrico
702 2491 908 2573 6166616661,
941 2511 1012 2557 cum
1044 2492 1164 2558 ceteris
1194 2492 1321 2558 civibus
1344 2500 1378 2559 et
1402 2492 1546 2559 scabinis
1569 2494 1802 2561 Frankenvor-

137 2601 307 2669 uersibus.
362 2601 400 2665 In
436 2599 532 2665 huius
565 2605 669 2682 rgrtur
703 2598 753 2663 rei
788 2598 989 2665 evidenciam
1021 2604 1055 2663 et
1085 2598 1273 2665 firmitatem
1303 2599 1385 2682 ipsis
1415 2599 1585 2683 assignavi
1615 2607 1801 2681 presentem

135 2706 289 2773 cedulam
314 2706 376 2773 mei
399 2705 499 2789 sigilli
522 2704 696 2772 munimine
720 2706 919 2773 roboratam.
968 2705 1090 2771 Datum
1115 2724 1201 2771 anno
1226 2700 1475 2772 domininici.
1499 2705 1656 2773 LXVIII.

359 2848 404 2903 Or.
420 2848 508 2917 Pyur.
545 2848 608 2903 Due
627 2847 804 2917 abbungmdr
818 2846 906 2916 616961
923 2846 997 2911 sebit.
1035 2846 1124 2913 Wien,
1144 2846 1590 2901 Heraeorum-centratarcuio.

362 2937 456 2992 Vera.-
481 2939 625 3007 Prttcneyg
645 2936 771 2991 116453.
817 2935 897 2989 Nccb
914 2932 1058 3001 Abecbmft
1077 2936 1115 2989 im
1134 2935 1501 2991 Deseruerant-sambuco
1520 2936 1657 2989 audient:
1674 2936 1803 3002 11666666,

412 3026 461 3093 1⁶,
478 3030 542 3093 266,
571 3026 622 3081 Fr.
637 3026 728 3093 Aret,
745 3026 794 3093 VI,
813 3030 856 3092 61,
884 3025 1090 3095 Νόεᾱενηιαμιν,
1108 3029 1152 3093 24,
1182 3024 1336 3091 Frrlrcb,
1357 3024 1579 3094 II,143,Arnn.

136 3330 233 3409 288.
259 3338 404 3403 Decbunt
433 3338 588 3404 Heinrici
622 3338 686 3403 aad
717 3339 777 3403 dcc
807 3338 1018 3419 Stistslrapr'tel
1047 3360 1087 3401 ru
1119 3336 1153 3401 F
1152 3336 1304 3416 reabse-rt
1333 3337 1400 3401 und
1429 3337 1485 3400 der
1516 3336 1655 3418 Psarrer
1683 3338 1802 3421 Erpert

256 3446 396 3510 doseibst
418 3447 607 3529 *ribertrogeu
629 3446 699 3509 dcru
715 3444 875 3529 Magister·
891 3444 1067 3521 Hermann,
1092 3446 1192 3507 r'lnrnr
1208 3443 1459 3510 Mitlunorrr'ica
1484 3444 1534 3507 die
1550 3444 1801 3509 sebiedsrr‘clrter·

258 3553 337 3617 liele
365 3551 605 3636 Entscbeiriung
636 3556 785 3635 6661666·
814 3551 969 3615 6661661666
999 3552 1093 3614 iberra
1123 3554 1280 3633 struitiqrr·
1309 3550 1441 3613 Artr'lrrl.
1491 3549 1682 3632 Fremitum,
1715 3556 1801 3615 1269

257 3658 357 3723 imit?
380 3664 433 3722 2⁸.

248 3800 317 3864 Nos
333 3798 509 3865 Heinricus
525 3802 669 3864 decanus
683 3804 851 3879 totumque
868 3797 1046 3879 capitulum
1063 3798 1199 3864 ecclesie
1216 3799 1565 3866 Franckenvordensis
1581 3807 1615 3865 et
1627 3800 1799 3881 Erpertus,

136 3906 303 3987 plebanus
324 3905 454 3971 ibidem.
487 3904 646 3971 Noverint
670 3904 816 3971 universi
839 3912 908 3969 tam
932 3910 1104 3985 presentes
1127 3924 1225 3984 quam
1248 3902 1362 3985 futuri,
1387 3908 1473 3985 quod
1497 3924 1569 3971 curn
1592 3905 1802 3973 1166666666

135 4031 243 4094 super
273 4011 466 4092 quibusdam
491 4012 591 4077 certis
616 4010 774 4091 articulis,
800 4009 923 4077 nostris
947 4010 1102 4093 sigillatis
1127 4010 1252 4094 sigillis,
1277 4011 1365 4077 inter
1389 4031 1449 4077 nos
1473 4014 1631 4077 decanum
1654 4019 1690 4077 et
1712 4013 1802 4095 capi·

135 4119 246 4185 tulum
281 4118 417 4185 ecclesie
445 4116 794 4187 Franckenvordensis
830 4136 870 4183 ex
905 4124 1000 4199 parte
1034 4136 1110 4197 una,
1139 4125 1173 4183 et
1206 4138 1257 4185 me
1283 4116 1322 4183 a.
1353 4118 1528 4199 plebanum
1555 4118 1773 4203 prescriptum
1786 4128 1801 4159 ⁸

135 4246 181 4291 ex
212 4230 310 4306 parte
342 4224 458 4307 altera,
484 4224 611 4290 diucius
642 4229 837 4304 verteretur,
863 4229 896 4289 66
927 4243 1027 4305 super
1057 4222 1179 4289 eisdem
1210 4224 1358 4289 articulis
1387 4224 1463 4290 binc
1487 4224 1562 4291 inde
1586 4226 1802 4292 observandis

135 4331 274 4397 oblatus
298 4328 400 4397 luerit
423 4331 552 4397 libellus
576 4350 686 4396 eoram
702 4330 821 4396 iudicio
838 4330 1043 4413 Magorum,
1069 4334 1202 4397 tandem
1226 4350 1285 4396 nos
1302 4337 1416 4412 partes
1435 4331 1628 4414 prescripta,
1653 4333 1801 4400 volentes

135 4459 159 4504 a
185 4436 276 4503 dicta
306 4438 364 4503 lite
397 4444 430 4503 et
456 4457 567 4519 66666,
593 4458 654 4518 que
679 4446 730 4503 est
753 4437 806 4504 vel
830 4457 902 4502 6666
927 4446 1048 4519 posset,
1075 4445 1109 4503 et
1131 4436 1324 4504 iudiciorum
1349 4438 1490 4519 strepitu
1514 4438 1691 4520 discedere,
1717 4460 1802 4505 com-

134 4543 284 4610 maniter
321 4551 355 4610 66
390 4544 596 4610 concorditer
626 4544 904 4626 compromisimus
934 4543 968 4609 in
998 4543 1105 4609 virum
1136 4544 1313 4610 discretum
1342 4544 1536 4628 magistrum
1567 4546 1799 4616 Hermanuum,

135 4657 291 4716 nostrum
323 4650 591 4731 concanonicum,
624 4658 790 4731 tamquam
819 4650 853 4715 16
885 4648 1059 4731 arbitrum,
1092 4650 1325 4718 arbitratorem
1356 4659 1390 4716 et
1420 4651 1558 4717 amicum
1590 4672 1799 4734 communem,

134 4760 261 4823 dantes
285 4754 348 4823 sibi
372 4757 500 4839 plenam
525 4776 564 4822 ac
587 4752 723 4822 liberam
748 4763 947 4837 potestatem
971 4756 1165 4838 arbitrandi,
1191 4756 1377 4838 diffiniendi,
1402 4765 1461 4822 aut
1485 4758 1701 4824 amicabiliter
1716 4778 1801 4825 com-

135 4861 284 4946 ponendi
314 4861 402 4928 inter
432 4882 491 4929 nos
522 4882 620 4943 super
650 4862 731 4943 ipsis
762 4861 911 4928 articulis
942 4870 975 4928 et
1006 4862 1153 4943 quolibet
1183 4866 1367 4930 eorundem.
1422 4864 1657 4931 Promittantes
1687 4866 1799 4946 eciam,

134 4968 251 5035 omnia
282 4975 316 5033 et
346 4968 486 5052 singula,
512 4988 573 5050 que
605 4968 713 5034 dictus
739 4969 898 5052 magister
921 4969 1131 5035 Hermannus
1156 4970 1350 5053 preceperit,
1376 4970 1588 5044 ordinaverit,
1614 4971 1801 5039 diffiniverit

134 5096 200 5143 seu
231 5076 415 5143 arbitratus
447 5073 558 5157 fuerit,
583 5074 720 5141 tirmiter
751 5077 928 5142 observare
960 5084 993 5141 66
1024 5083 1141 5143 contra
1170 5098 1211 5145 ea
1242 5097 1306 5142 non
1336 5078 1458 5152 venire,
1484 5080 1544 5144 sub
1575 5099 1661 5161 pena
1684 5078 1803 5162 viginti

133 5202 328 5250 marcarum
361 5182 598 5249 Coloniensium
630 5182 847 5260 denariorum,
881 5203 938 5248 sex
968 5182 1131 5251 iudicibus
1161 5184 1375 5269 Magantinis,
1407 5192 1480 5249 octo
1511 5182 1637 5251 fabrice
1665 5184 1802 5251 ecclesie

134 5289 504 5371 Franckenvordensis,
529 5298 564 5355 et
594 5308 651 5355 sex
682 5308 811 5357 marcas
841 5289 905 5371 ipsi
934 5288 1092 5373 magistro
1117 5291 1317 5367 Hermanno,
1343 5311 1363 5357 6
1393 5298 1489 5371 parte
1520 5291 1692 5357 arbitrium
1722 5291 1802 5357 dicti

135 5395 297 5479 magistri
320 5396 502 5463 Hennanni
532 5416 630 5478 super
661 5396 724 5461 biis
754 5416 818 5462 non
850 5398 1047 5463 observante
1079 5397 1318 5477 solvendarum,
1344 5397 1408 5463 nisi
1431 5418 1509 5479 pars
1533 5418 1596 5465 non
1621 5401 1801 5466 observans

133 5502 268 5569 monita
306 5499 395 5569 infra
430 5502 626 5583 quindenam
657 5500 842 5584 resipiscat,
876 5505 1086 5585 emendanda,
1118 5507 1336 5571 restaurando
1367 5504 1420 5571 vel
1450 5504 1654 5571 restituendo
1685 5512 1803 5571 contra

134 5608 315 5675 arbitrium
341 5609 421 5673 dieti
444 5608 605 5692 magistri,
630 5608 659 5674 si
682 5608 758 5689 quid
783 5607 861 5673 lecit
912 5610 950 5674 ln
975 5608 1066 5674 cuius
1091 5610 1139 5675 rei
1162 5610 1316 5676 maiorem
1336 5611 1537 5676 evidenciam
1554 5619 1587 5676 et
1602 5611 1800 5693 firmitatem,

410 5808 434 5849 a)
448 5800 494 5843 He.
510 5800 714 5854 ,plebanatumol
728 5801 897 5855 prescriptam.
