4400 6384
370 307 435 373 270
914 304 983 359 uasa
1002 302 1126 359 reema
1145 304 1179 358 14
1199 336 1232 343 -
1254 302 1323 359 rasa
1341 303 1419 358 uara
1438 305 1480 358 11.

369 502 516 569 dedimus
533 501 667 569 cenobio
684 508 872 568 memorato.
902 500 1069 567 Adicimus
1086 500 1198 582 eciam,
1217 500 1245 566 si
1261 505 1397 583 propter
1414 499 1622 582 sterilitatem
1638 518 1798 566 annorum
1814 498 1867 567 vel
1882 496 2024 581 aliquam

369 610 500 692 plagam
524 612 563 675 dc
588 607 729 691 prelatis
754 616 787 674 et
811 607 884 673 aliis
908 607 1002 673 bonis
1026 606 1148 672 nostris
1165 605 1443 671 sustentationem
1458 614 1606 671 nostram
1623 607 1745 671 habere
1761 624 1826 671 uon
1844 624 2022 687 possemus,

369 719 455 797 quod
479 723 600 781 extunc
624 719 664 781 de
688 714 822 780 consilio
847 712 971 795 prelati
995 713 1123 780 cenobii
1146 716 1185 779 de
1209 712 1368 794 predictis
1391 712 1485 779 bouis
1509 712 1632 777 nostris
1655 711 1844 778 necessaria
1859 717 1975 778 nostra
1990 719 2025 776 et

369 820 644 887 sustentationem
677 820 822 903 recipere
852 820 945 886 nobis
976 819 1064 885 licet.
1111 819 1218 885 Huius
1248 818 1297 885 rei
1321 827 1425 884 testes
1456 826 1550 884 suut:
1584 820 1754 884 Corradus
1785 821 1826 883 de
1851 818 2022 899 Solzpacb

368 926 553 1012 nemauso)
577 930 617 992 de
641 926 875 1010 Hazgenstein,
901 926 1070 1007 Rupertus
1093 926 1241 991 lacobus
1266 927 1306 991 de
1328 924 1427 1005 Hain,
1453 926 1624 990 Corradus
1648 927 1688 990 de
1708 923 1862 1005 Elterile,
1885 923 2023 1005 milites;

371 1035 519 1100 domiuus
553 1032 800 1119 Gotzbalcusti)
832 1032 991 1114 plebanus
1029 1034 1068 1097 de
1099 1030 1354 1115 Kimingestein,
1388 1030 1536 1097 dominus
1566 1029 1763 1097 Ludewicus
1794 1030 1955 1112 plebanus
1984 1033 2024 1097 de

368 1138 541 1223 NitringeS,
568 1148 601 1205 et
625 1140 843 1221 quamplures.
884 1140 932 1205 Ne
955 1138 1057 1223 igitur
1081 1147 1217 1219 propter
1240 1146 1426 1220 presentem
1450 1135 1661 1203 donacionem
1684 1144 1832 1203 uestram
1856 1136 1968 1217 aliqua
1989 1135 2024 1201 in

369 1253 535 1329 posterum
566 1246 671 1328 possit
701 1245 843 1311 suboriri
873 1245 1097 1311 controversie
1124 1244 1274 1326 materia,
1307 1249 1493 1325 presentem
1516 1242 1662 1308 litteram
1685 1242 1793 1326 sigillo
1819 1243 1938 1308 nobilis
1961 1242 2025 1308 viri

369 1352 490 1419 domini
513 1352 618 1419 nostri
632 1352 806 1418 Wernheri
829 1355 869 1417 dc
884 1350 1091 1433 Mincinberg
1115 1349 1291 1432 petivimus
1315 1356 1349 1415 et
1372 1348 1571 1431 optinuimus
1595 1348 1795 1413 corrrmuuiri.
1827 1349 1895 1414 Nos
1907 1350 2025 1414 Wern-

369 1461 468 1525 berus
499 1456 650 1541 prelatus
680 1456 943 1541 recognoscimus
974 1458 1015 1521 ad
1040 1454 1235 1537 peticionem
1259 1452 1463 1537 prelatorum
1486 1456 1528 1520 H.
1550 1461 1585 1520 et
1608 1454 1791 1521 Gerdrudis
1815 1454 2024 1536 presentibus

369 1566 563 1648 apposuisse
593 1564 735 1648 sigillum
765 1570 913 1629 nostrum
943 1562 977 1628 in
1007 1561 1229 1628 testimouium
1260 1561 1401 1627 omnium
1432 1562 1663 1643 predictorum.
1710 1562 1834 1627 Datum
1858 1566 1890 1626 et
1914 1568 2024 1625 actum

369 1691 455 1737 anno
479 1671 599 1737 domiui
622 1672 662 1736 m.
688 1665 953 1751 mlxxxix,
978 1668 1012 1734 in
1036 1668 1087 1734 die
1111 1670 1209 1734 beate
1231 1667 1382 1751 Agnetis.

584 1804 630 1860 Or.
644 1804 732 1873 Ppmt.
745 1804 795 1857 mit
808 1804 866 1856 darn
883 1802 1006 1857 memlrbb
1023 1807 1072 1872 put
1088 1802 1244 1855 erbaltereen
1258 1801 1433 1872 Reitcrer'epel
1443 1800 1572 1855 Wcrncre
1583 1817 1635 1855 eoa
1647 1800 1841 1869 Maereabcry.
1878 1799 2025 1866 Meretur,

635 1892 834 1947 Rcicbearcbr'c.
877 1890 960 1945 Dicae
983 1890 1114 1945 Urtunde
1138 1890 1232 1943 warde
1252 1906 1304 1944 core
1330 1888 1416 1957 ,ilipa
1436 1888 1581 1957 scultetus,
1604 1931 1610 1942 .
1634 1930 1641 1943 .
1664 1888 1770 1942 scabini
1792 1893 1822 1942 et
1842 1887 1968 1941 conauiee
1990 1887 2025 1939 de

633 1980 832 2035 Freukenlcrt‘*
855 1980 911 2045 aas
924 1980 1060 2033 Ansium
1079 1979 1126 2032 dea
1138 1979 1265 2033 Kioeiere
1284 1982 1354 2033 1289
1365 1978 1456 2033 Joiiz
1476 1977 1515 2048 (iu
1534 1988 1634 2033 octava
1651 1977 1726 2031 beati
1738 1975 1874 2031 lobannis
1891 1976 2024 2046 baptiste)

636 2070 820 2124 trorrssumr'rt.
855 2068 900 2123 Or.
915 2068 1002 2137 Ppmt.
1016 2068 1065 2121 mit
1083 2068 1293 2137 puterbclterecm
1312 2068 1474 2138 bindieieqel
1481 2071 1533 2135 (2).
1571 2070 1624 2124 Am
1641 2068 1761 2138 pietcbrre
1781 2066 1853 2121 Orte.

587 2159 684 2213 Orda:
704 2158 810 2226 Orodem
831 2157 894 2211 Ood.
910 2158 997 2227 Dipt,
1010 2156 1072 2224 111,
1092 2158 1145 2210 761
1163 2156 1299 2225 (potaret)
1320 2176 1353 2202 =
1371 2154 1469 2225 Seuer,
1487 2155 1513 2219 I,
1533 2159 1594 2210 644.

586 2247 679 2302 Vera:
697 2245 801 2313 Scribo,
821 2246 846 2314 I,
865 2246 919 2299 No.
933 2248 992 2299 624.
1028 2244 1085 2313 Vql.
1105 2244 1234 2315 Wagner,
1254 2242 1361 2312 Otifter,
1379 2243 1405 2309 I,
1424 2246 1478 2298 223
1496 2260 1531 2297 ιιι
1549 2244 1634 2298 Mdrr
1653 2248 1695 2298 10.

369 2474 461 2551 560.
484 2482 654 2567 Sicpsrc'ed,
679 2485 729 2546 cire
746 2480 885 2544 Priestcr
908 2500 968 2544 ores
984 2477 1179 2561 Frcnbsurt,
1197 2476 1336 2559 Pforrer
1358 2498 1400 2540 ru
1415 2475 1642 2554 Mosserelwim,
1666 2476 1792 2539 seberti
1811 2479 1895 2539 scine
1910 2475 2025 2555 Hdlftc

484 2590 540 2654 dar
569 2588 743 2653 clterlicbcre
765 2585 943 2668 Brbscbost
973 2588 1006 2649 in
1035 2585 1101 2649 urei
1131 2584 1318 2650 ausscrbalb
1342 2581 1544 2666 Fronlefrerts
1572 2583 1643 2647 dem
1665 2582 1954 2648 Joleertreiterluoase
1982 2604 2025 2645 aa

484 2694 677 2778 Fremitum.
725 2692 919 2775 Fronlffreri,
944 2696 1030 2757 12s9
1055 2690 1088 2755 F
1087 2692 1204 2756 obruar
1226 2695 1278 2755 14.

476 2830 515 2893 In
547 2826 675 2893 uomiue
708 2825 813 2908 patris
846 2832 880 2891 et
912 2824 970 2890 filii
993 2830 1026 2890 et
1059 2823 1196 2905 spiritus
1228 2822 1345 2904 sancti,
1380 2842 1484 2888 amen.
1531 2822 1604 2905 Ego
1629 2819 1770 2888 Sifridus
1801 2824 1956 2887 sacerdos
1984 2822 2024 2886 de

369 2938 613 3017 Frankeuvort,
638 2932 723 3000 filius
741 2932 765 3007 ii
784 2932 836 3014 pie
859 2930 1097 2998 recordationis
1122 2929 1292 3013 Sigeionis,
1318 2949 1404 2995 nuuc
1428 2930 1588 3011 plebanus
1610 2928 1645 2995 iu
1663 2929 1885 3010 Massinbeim,
1910 2927 2025 2993 litteris

370 3042 580 3127 presentibus
603 3040 789 3123 proiifiteor
813 3045 846 3105 ct
862 3043 1038 3121 protestor,
1064 3040 1150 3119 quod
1166 3043 1234 3102 tam
1250 3036 1284 3102 iu
1301 3035 1402 3118 curia,
1427 3054 1490 3117 que
1506 3036 1573 3103 sita
1589 3043 1641 3102 cst
1656 3035 1689 3102 iu
1706 3036 1843 3103 civitate
1858 3034 2025 3101 Frankiu·

369 3152 533 3231 verdensi,
554 3146 577 3223 ll
595 3148 630 3213 iu
654 3148 774 3229 platea,
800 3165 862 3227 que
886 3144 1006 3211 dicitur
1029 3146 1212 3227 Vargazze,
1237 3162 1334 3224 quam
1358 3142 1457 3210 etiam
1479 3143 1515 3208 in
1538 3142 1687 3209 omuibus
1710 3141 1815 3223 bonis,
1839 3141 1911 3209 sive
1934 3143 2024 3225 agn's

370 3256 440 3325 sive
470 3254 557 3321 areis
588 3254 658 3322 sive
689 3252 850 3335 censibus
882 3259 951 3318 tam
980 3248 1203 3317 inframuros
1226 3269 1324 3331 quam
1348 3256 1577 3316 extramuros
1602 3249 1746 3315 eiusdem
1769 3248 1917 3316 civitatis
1939 3249 2023 3328 sitis,

371 3383 412 3430 ex
441 3362 512 3428 iure
543 3360 760 3427 successionis
790 3357 989 3425 hereditarie
1020 3356 1119 3423 micbi
1148 3356 1317 3438 sororique
1340 3375 1411 3422 mee
1435 3356 1667 3440 communibus,
1691 3355 1900 3422 medietatem
1923 3356 2023 3437 illam,

370 3490 432 3553 que
463 3488 513 3535 me
544 3466 716 3551 contingit,
749 3468 847 3532 beate
877 3462 983 3530 Marie
1012 3466 1175 3544 beatoque
1206 3462 1352 3530 Johauni
1381 3462 1528 3545 baptiste
1562 3466 1605 3529 ad
1639 3481 1755 3529 manus
1785 3462 2026 3528 honorabilium

370 3576 515 3643 virorum
544 3573 696 3659 magistri
725 3579 759 3639 et
782 3570 922 3639 fratrum
948 3573 1061 3636 domus
1084 3568 1269 3652 hospitalis,
1293 3587 1395 3637 sanus
1419 3576 1453 3635 et
1474 3568 1645 3636 incolumis
1668 3568 1823 3651 existens,
1848 3568 2026 3637 donatione

369 3681 583 3765 interrivos,
609 3679 730 3747 donavi
752 3678 933 3745 liberaliter
957 3685 991 3743 et
1014 3676 1165 3759 libenter,
1190 3676 1224 3742 in
1247 3676 1420 3759 presencia
1443 3676 1669 3760 religiosorum
1692 3676 1846 3758 virorum,
1870 3676 2027 3743 videlicet

370 3788 487 3856 fratris
519 3788 652 3856 Ottouis
686 3786 805 3869 prioris
837 3784 979 3851 fratrum
1012 3783 1270 3866 Predicatorum,
1304 3783 1421 3849 fratris
1453 3774 1635 3849 Herruauui
1666 3782 1876 3865 supprioris·
1907 3780 2027 3849 fratris

369 3893 524 3973 Albertil
546 3899 586 3962 de
609 3894 853 3975 Blassiuberch,
878 3892 956 3958 item
980 3909 1090 3958 coram
1114 3890 1195 3958 viris
1218 3890 1381 3956 honestis:
1414 3890 1542 3956 domino
1566 3888 1664 3955 Helia
1687 3890 1827 3955 sculteto
1850 3889 2028 3955 Pnaukeu·

370 4005 533 4085 verdensi,
566 4004 715 4069 Conrado
739 3998 918 4081 Webeliuo‚
939 3997 1129 4079 Volkvino‚⁰
1159 3998 1308 4064 Conrado
1332 3995 1549 4077 Burnevlecb,
1584 4001 1618 4061 et
1650 3994 1725 4061 aliis
1757 3994 2029 4077 quamplurimis

370 4107 551 4191 fidedignis.
598 4109 646 4175 Ut
676 4112 786 4173 autem
815 4106 876 4171 hac
906 4124 979 4171 mea
1009 4104 1147 4170 donacio
1175 4106 1276 4169 robur
1298 4102 1422 4169 firmius
1446 4101 1620 4184 sorciatur,
1645 4100 1763 4185 sigillis
1785 4100 2029 4168 honorabilium

371 4214 572 4280 dominorum
602 4214 744 4280 iudicum
776 4220 891 4278 sancte
914 4211 1107 4295 Moguntina
1141 4210 1237 4291 sedis,
1262 4229 1389 4276 uecuou
1412 4208 1532 4291 prioris
1555 4206 1697 4274 fratrum
1719 4207 1967 4274 Predicatorum
1990 4207 2030 4273 in

371 4322 607 4389 Frankeuvort
636 4321 726 4389 volui
755 4318 915 4386 roborari.
962 4322 1083 4385 Actum
1113 4317 1147 4383 iu
1170 4319 1415 4397 Frankenvort,
1440 4335 1525 4382 anno
1549 4315 1671 4382 domini
1692 4317 1733 4381 rb.
1755 4310 1798 4382 ob.
1820 4294 2029 4395 lxxxiii,

375 4428 484 4495 XVII.
507 4427 667 4494 kalendas
690 4426 813 4493 marcii.

588 4560 634 4615 Or.
648 4560 734 4631 Ppmt.
779 4559 953 4628 Anhduperrd
984 4563 1012 4625 1)
1045 4557 1205 4628 Sicpclrest,
1234 4560 1265 4623 2)
1298 4554 1386 4624 stepo
1415 4556 1462 4610 des
1492 4554 1788 4623 Dominikancrpre'ors
1818 4556 2032 4625 (tumueras).

637 4648 677 4703 Si.
691 4648 725 4701 Α.
739 4648 791 4702 Fr.
804 4648 970 4702 Jobarmr'ter
986 4648 1049 4702 Urit.
1064 4647 1117 4699 No.
1130 4650 1155 4699 2.

638 4737 1037 4805 decr:B.,241naeuoem
1058 4735 1104 4790 Or.
1126 4775 1131 4788 .

370 4964 462 5042 561.
489 4972 644 5054 Wolfrnm-
667 4972 732 5035 read
755 4972 865 5035 (tessere
881 4970 975 5035 Fron
990 4969 1096 5033 Heldo
1120 4968 1271 5032 semeia
1293 4968 1361 5031 sicle
1383 4967 1451 5031 erui
1473 4967 1534 5031 cllc
1549 4967 1616 5031 llere
1625 4967 1743 5051 jetripe
1757 4967 1825 5031 aad
1839 4967 2036 5052 rrrbdnstiyc

485 5081 577 5145 Hobc
600 5080 669 5144 rlcru
685 5078 1038 5143 Dcuiscbcrdcrtsbarese
1063 5080 1095 5140 ire
1111 5076 1381 5153 Soclrscrelmusen,
1405 5078 1462 5137 ruit
1479 5074 1655 5153 Verbebclt,
1679 5076 1756 5138 iiber
1778 5080 1823 5139 20
1839 5074 1936 5139 Mari·
1958 5076 2037 5155 [νεὶ

485 5191 611 5252 testirert
633 5209 675 5250 ru
698 5185 825 5267 diirscre.
873 5190 960 5249 iaso
983 5184 1082 5249 Mlier
1106 5187 1158 5248 11.

477 5320 545 5385 Nos
568 5316 770 5384 Wollramus
794 5316 959 5393 etHelda
981 5335 1065 5382 uxor
1079 5335 1162 5396 mea,
1188 5313 1277 5381 cives
1293 5315 1641 5396 Frankenvordenses,
1659 5321 1772 5381 notum
1788 5333 1861 5381 esse
1877 5312 2037 5396 cupimus

371 5427 534 5493 universis
558 5432 591 5491 et
614 5430 727 5491 tenore
752 5423 956 5507 presencium
980 5429 1213 5506 protestamur,
1232 5420 1257 5494 li
1275 5424 1359 5502 quod
1388 5441 1447 5487 nos
1471 5422 1541 5487 zelo
1560 5420 1636 5487 fidei
1659 5440 1699 5487 ac
1719 5420 1906 5488 devocionis
1922 5422 2036 5503 ducti,

372 5534 413 5598 ob
444 5534 597 5598 bonorem
629 5532 681 5598 dei
708 5539 742 5598 et
764 5534 861 5598 beate
884 5530 1001 5597 matris
1024 5529 1094 5596 eius
1118 5549 1177 5595 nos
1202 5534 1234 5593 et
1258 5534 1382 5615 nostra,
1408 5547 1470 5609 que
1494 5547 1580 5593 nunc
1602 5528 1759 5593 babemus
1782 5528 1835 5596 vel
1858 5527 1893 5593 in
1914 5536 2038 5607 poste·

638 5694 661 5740 e)
678 5689 718 5732 Or.
740 5690 917 5743 rer-eprrinair'eb
938 5688 1031 5740 ,fratrs
1052 5688 1192 5731 Hermanno
1212 5688 1361 5741 suppriorm,
1382 5686 1448 5729 dener
1467 5684 1606 5729 acrbemrrt.
1645 5687 1670 5739 b)
1686 5685 1727 5728 Or.
1742 5684 1827 5729 edente
1847 5685 2040 5740 «reprimerem

588 5759 680 5812 ,tratre
693 5760 814 5804 eliberim.
842 5762 864 5813 t)
881 5758 919 5802 Im
934 5759 974 5802 Or.
990 5762 1073 5814 epdter
1086 5758 1264 5811 einpeeclreben.
