4400 6384
383 343 449 411 434
903 341 973 396 1304
990 339 1109 396 October
1128 341 1143 393 7
1163 369 1196 380 -
1216 339 1286 394 taor
1303 337 1455 394 November
1472 339 1516 395 el.

381 538 590 605 fideiussores
622 536 722 602 dictis
753 536 921 603 Hertwico
954 543 988 602 et
1021 535 1089 601 suis
1125 534 1299 602 heredibus
1335 534 1507 601 constituti
1540 534 1761 602 fideiussionis
1798 554 1856 600 sue
1892 535 2025 600 debiturn

383 646 621 711 Frankenvord
654 644 806 709 exolvent
836 643 970 724 tarndiu,
1002 661 1170 723 quousque
1199 641 1274 724 ipsa
1303 640 1418 724 pensio
1446 641 1584 726 siliginis
1608 641 1787 723 sepedictis
1812 640 1977 706 Hertwico
1998 649 2026 706 et

383 751 452 817 suis
482 750 656 816 heredibus
683 747 784 815 fuerit
808 755 1009 832 presentata.
1058 748 1105 812 Et
1128 747 1157 813 si
1180 747 1299 829 aliquis
1323 747 1484 815 dictorum
1506 747 1733 815 fideiussorum
1756 747 1861 814 medio
1892 752 2025 828 tempore

383 857 572 937 decesserit,
606 853 748 937 sepefati
770 856 904 922 Ulricus
933 861 992 920 aut
1021 855 1074 920 sui
1104 855 1242 920 heredes
1271 852 1360 920 infra
1384 855 1530 938 spacium
1553 854 1640 920 illius
1665 854 1745 921 anui
1772 873 1853 935 eque
1876 856 2025 938 ydoneum

382 963 590 1030 fideiussores
598 963 635 1047 (l)
664 962 736 1028 loco
767 961 915 1028 defuncti
943 961 1024 1043 ipsis
1054 961 1223 1027 Hertwico
1255 967 1289 1026 et
1319 961 1387 1028 suis
1418 961 1591 1028 heredibus
1624 961 1839 1026 constituent.
1887 959 2027 1044 Quodsi

383 1090 447 1136 non
479 1067 629 1151 iecerint,
663 1069 859 1151 superstites
894 1067 1103 1134 fideiussores
1134 1066 1353 1133 fideiussionis
1388 1067 1534 1134 debiturn
1568 1068 1731 1148 exolvent,
1766 1085 1933 1148 quousque
1965 1064 2026 1130 loco

383 1175 531 1241 defuncti
563 1177 649 1241 alter
680 1174 853 1241 fideiussor
882 1176 1090 1257 subrogetur.
1139 1174 1256 1239 Testes
1287 1173 1382 1240 huius
1414 1181 1507 1240 sunt:
1538 1175 1728 1240 Hertwicus
1759 1176 1798 1239 de
1822 1173 1902 1239 Alta
1933 1175 2024 1251 dono,

383 1285 555 1348 Ounradus
586 1285 626 1347 de
657 1282 763 1364 Spina,
795 1280 936 1348 Sifridus
960 1283 1000 1346 de
1024 1280 1233 1364 Gysenheim,
1263 1283 1458 1364 liudegerus
1482 1288 1515 1346 et
1538 1281 1734 1347 Ludewicus
1759 1283 1799 1346 de
1821 1279 2025 1358 Holtzbusen,

383 1390 406 1454 J
408 1390 553 1454 ohannes
585 1389 693 1454 dictus
718 1388 894 1470 Goltstein,
919 1386 1113 1470 Volgwinus
1137 1389 1176 1452 de
1200 1387 1382 1468 Wetflaria,
1416 1387 1614 1454 Culmannus
1638 1389 1678 1452 de
1702 1387 1892 1463 Ovenbach‚
1909 1385 2026 1468 Wigelo

383 1497 423 1560 de
446 1496 648 1575 Wanebach,
673 1494 809 1574 scabini,
835 1500 868 1560 et
893 1512 989 1574 quam
1013 1493 1124 1575 plures
1149 1492 1206 1558 alii
1228 1492 1393 1576 fidedigui.
1431 1494 1471 1559 In
1495 1494 1588 1559 cuius
1612 1493 1661 1559 rei
1684 1491 1906 1560 testimonium
1930 1511 1986 1557 nos
2002 1543 2025 1554 ..

385 1600 545 1666 scultetus
569 1607 603 1666 et
621 1654 626 1664 .
647 1653 652 1664 .
672 1599 799 1667 scabini
822 1599 983 1665 antedicti
1006 1601 1048 1664 ad
1072 1605 1224 1681 rogatum
1248 1599 1394 1680 parcium
1414 1599 1636 1680 predictarum
1652 1599 1795 1682 sigillum
1810 1597 2027 1665 universitatis

383 1705 709 1773 Frankeniordensis
745 1706 954 1788 presentibus
987 1703 1137 1770 duximus
1170 1706 1429 1790 appendendum.
1484 1707 1604 1772 Actum
1637 1725 1723 1772 anno
1755 1705 1878 1772 domiui
1908 1705 1948 1770 rh.
1974 1697 2026 1768 cc'c.

384 1820 514 1895 quarto,
538 1813 573 1878 in
597 1813 743 1878 crastino
767 1811 857 1878 beati
879 1811 1072 1878 Michahelis
1096 1809 1297 1894 archangeli.

601 1954 647 2009 Or.
660 1955 749 2023 Ppmt.
763 1954 813 2008 mit
831 1953 1034 2022 obbonqendem
1053 1952 1218 2022 Stodtsiepel
1227 1954 1277 2018 (2).
1315 1952 1461 2020 Mdncben,
1481 1953 1680 2008 Reicbsarcbiv.

382 2185 474 2263 852.
499 2195 691 2261 Schultbeios
724 2193 884 2273 Gottsrr'ed
914 2191 1019 2274 Beper
1053 2193 1119 2256 rand
1152 2193 1203 2256 dic
1232 2195 1378 2274 Sebdffeu
1415 2215 1471 2258 con
1501 2193 1535 2258 F
1534 2195 1685 2276 roubfurt
1715 2195 1931 2272 beurbuudeu,
1960 2195 2027 2258 dces

498 2302 644 2384 Riidiper
673 2321 733 2364 oon
765 2300 969 2364 Holrbuusen
998 2299 1065 2362 cerui
1094 2300 1206 2363 dassen
1235 2298 1269 2362 F
1269 2322 1329 2364 ruu
1359 2300 1512 2366 Mecbte'ld
1541 2323 1585 2365 au
1616 2303 1724 2380 Gradu,
1757 2303 1808 2366 die
1834 2303 1953 2367 ustuwe
1981 2301 2028 2364 des

497 2407 636 2472 Konrud
658 2407 759 2471 Weiss
789 2426 847 2468 oon
870 2403 1026 2488 Dieburp,
1058 2409 1147 2469 einen
1172 2405 1359 2470 Gruudrirur
1389 2408 1453 2488 auf
1480 2409 1579 2472 ibreru
1601 2408 1699 2472 Hauc
1731 2408 1799 2472 Zur
1821 2409 1905 2474 allen
1927 2407 2029 2472 Hellen

498 2512 645 2593 oubauft
667 2513 777 2576 buben.
825 2515 912 2575 1304
938 2511 1067 2578 October
1094 2515 1121 2574 7.

489 2654 557 2718 Nos
581 2651 754 2720 (lutfridus
777 2652 874 2717 Beier
903 2649 1005 2732 miles,
1038 2652 1208 2733 scultetus,
1241 2658 1274 2716 et
1292 2704 1297 2716 .
1318 2703 1324 2716 .
1342 2651 1472 2718 scabini
1498 2655 1537 2718 de
1560 2652 1803 2736 Frankenford,
1829 2661 1941 2721 tenore
1964 2673 2029 2736 pre-

384 2759 528 2825 sencium
551 2757 578 2832 ll
600 2758 873 2842 recognoscimus
909 2760 994 2838 quod
1030 2759 1225 2841 liudegerus
1260 2761 1299 2823 de
1333 2757 1537 2826 Holtzbusen
1573 2767 1606 2826 et
1640 2760 1817 2843 Methildis,
1854 2761 1922 2826 eius
1956 2779 2029 2826 uxor

382 2865 555 2949 legittima,
580 2865 688 2931 nostri
706 2863 731 2938 ll
749 2865 910 2945 concives
934 2863 970 2930 in
992 2863 1098 2929 nostri
1122 2864 1293 2944 presencia
1317 2864 1499 2946 constituti,
1524 2867 1766 2932 communicata
1788 2887 1887 2933 manu
1902 2866 2029 2948 parique

383 2991 543 3038 consensu
566 2971 784 3037 vendiderunt
806 2971 893 3036 iusto
912 2968 936 3044 ll
953 2969 1155 3037 vendicionis
1179 2970 1274 3036 titulo
1290 2971 1427 3037 honeste
1445 2978 1593 3038 matrone
1610 2975 1722 3054 Grete,
1747 2973 1862 3039 relicte
1878 2975 2030 3054 quondam

384 3077 528 3144 Ounradi
550 3077 628 3143 Albi
651 3081 690 3143 de
714 3079 863 3160 Dypurg,
888 3084 1001 3142 nostre
1031 3077 1168 3158 concivi,
1194 3096 1292 3158 super
1322 3081 1451 3143 domurn
1481 3097 1573 3144 suam
1604 3087 1827 3162 nuncupatam
1857 3079 2030 3162 vulgariter

383 3183 422 3250 zi
446 3187 504 3249 der
521 3184 628 3250 Alden
644 3182 761 3249 Hellen
785 3189 927 3264 quatuor
950 3203 1080 3249 marcas
1096 3183 1304 3249 denariorum
1321 3183 1561 3250 Coloniensium
1583 3185 1700 3270 legalis
1723 3193 1853 3252 monete
1868 3185 2030 3252 Franken-

382 3288 457 3356 iord
487 3290 639 3372 perpetui
669 3308 787 3355 census
817 3289 979 3356 annualis.
1027 3292 1130 3374 Quem
1161 3289 1290 3371 quidem
1321 3309 1451 3356 censum
1482 3290 1573 3357 dicta
1596 3293 1702 3359 Greta
1726 3291 1864 3376 siugulis
1887 3289 2029 3358 anuisin

383 3396 560 3464 nativitate
590 3398 688 3462 beate
711 3394 816 3462 Marie
846 3395 985 3478 virginis
1014 3398 1055 3460 de
1085 3398 1199 3461 eadem
1223 3398 1316 3462 dorne
1341 3396 1510 3478 percipere
1532 3396 1566 3462 iu
1590 3417 1715 3464 omnem
1740 3403 1892 3464 eventum
1914 3399 2028 3477 absque

383 3501 614 3584 impedimento
644 3501 787 3567 debebit.
834 3503 993 3567 Preterea
1023 3504 1137 3567 eadem
1168 3503 1273 3568 Greta
1301 3502 1423 3584 poterit
1447 3501 1621 3584 disponere
1645 3510 1678 3569 et
1703 3503 1856 3571 ordinare
1880 3505 1917 3569 de
1939 3501 2028 3567 dictis

383 3615 524 3689 quatuor
540 3608 659 3674 marcis
676 3627 802 3689 census,
828 3610 1095 3689 quandocumque
1110 3607 1261 3688 voluerit,
1287 3611 1330 3673 ad
1344 3607 1473 3674 libitum
1489 3628 1547 3675 sue
1563 3609 1754 3692 voluntatis,
1780 3607 2028 3676 contradictione

384 3713 601 3795 quorumlibet
623 3714 677 3780 vel
700 3713 874 3779 cuiuslibet
896 3733 961 3778 non
985 3715 1148 3779 obstante.
1196 3714 1465 3796 Resiguaverunt
1480 3721 1512 3780 et
1529 3715 1809 3783 renunciaverunt
1825 3715 1926 3782 eciam
1940 3715 2028 3780 iidem

383 3822 578 3904 liudegerus
611 3827 645 3886 et
678 3819 749 3885 eius
767 3871 773 3884 .
794 3871 799 3884 .
819 3819 959 3885 coniunx
991 3819 1078 3886 omni
1109 3819 1183 3901 iuri,
1218 3822 1302 3902 quod
1336 3819 1457 3886 eisdem
1488 3821 1522 3886 in
1555 3821 1713 3903 predictis
1747 3827 1890 3903 quatuor
1920 3817 2028 3887 marcis

383 3925 591 3992 denariorum
622 3945 739 3991 census
770 3925 871 3991 annui
902 3927 1126 4007 competebat;
1158 3926 1389 4009 promittentes
1419 3925 1646 3994 nichilominus
1676 3928 1844 4009 sepedicto
1869 3929 1964 3996 Grete
1991 3926 2027 3989 de

382 4032 454 4113 ipso
487 4052 586 4098 censu
620 4031 730 4098 iacere
763 4031 966 4099 warandiam
997 4031 1129 4110 iustam,
1166 4033 1311 4099 debiturn
1344 4040 1377 4098 et
1410 4040 1609 4100 consuetam.
1666 4034 1784 4100 Testes
1816 4033 1912 4100 huius
1943 4038 2026 4099 sunt:

383 4138 571 4203 Hertwicus
601 4141 641 4204 de
672 4139 752 4203 Alta
782 4141 886 4220 domo,
919 4141 1090 4204 Cuuradus
1122 4141 1161 4204 de
1188 4139 1294 4220 Spira,
1326 4139 1522 4206 Ludewicus
1553 4143 1593 4206 de
1622 4140 1838 4222 Holtzbusen,
1871 4142 2028 4207 Johanues

384 4244 559 4325 Goltstein,
585 4244 777 4310 Drutwinus
801 4245 977 4326 Schrenke,
995 4244 1187 4328 Volgwinus
1212 4249 1251 4311 de
1267 4244 1449 4326 Wetfluria,
1467 4245 1593 4330 Wigelo
1618 4249 1657 4312 de
1674 4247 1876 4328 Wanebach,
1901 4241 2026 4315 scabini,

382 4349 597 4416 Heilmannus
621 4353 660 4416 de
677 4351 891 4432 Holtzbusen,
917 4359 950 4416 et
975 4351 1183 4433 quamplures
1208 4351 1263 4418 alii
1286 4351 1452 4435 fidedigni.
1499 4354 1539 4417 In
1564 4351 1784 4419 testimonium
1809 4351 2028 4436 premissorum

383 4477 442 4523 nos
461 4510 466 4522 .
487 4509 493 4522 .
512 4457 672 4522 scultetus
697 4465 730 4523 et
749 4510 754 4522 .
774 4510 780 4521 .
799 4457 926 4524 scabini
956 4458 1115 4524 antedicti
1146 4461 1187 4524 ad
1211 4466 1363 4542 rogatum
1387 4457 1534 4541 parcium
1558 4459 1780 4540 predictarum
1805 4457 1941 4544 sigillum
1963 4455 2028 4522 uni-

382 4563 554 4630 versitatis
569 4562 893 4629 Frankeniordensis
916 4563 1125 4645 presentibus
1150 4565 1300 4630 duximus
1325 4567 1582 4646 appendendum.
1630 4566 1751 4631 Actum
1775 4572 1809 4631 et
1825 4568 1935 4632 datum
1950 4579 2027 4630 enno

384 4669 504 4736 domini
526 4669 694 4736 millesimo
719 4669 949 4735 trecentesimo
973 4676 1103 4751 quarto,
1128 4668 1212 4736 feria
1237 4677 1356 4752 quarta
1380 4678 1455 4752 post
1478 4669 1628 4754 Remigii.

598 4809 644 4864 Or.
657 4809 746 4878 Ppmt.
784 4811 957 4880 Aulednpend
975 4810 1026 4865 dou
1046 4811 1215 4880 bescbddipte
1233 4810 1395 4880 Stadteiepel
1406 4815 1456 4876 (2).
1494 4811 1533 4866 St.
1548 4813 1582 4866 A.
1601 4811 1653 4866 Fr.
1665 4813 1766 4866 Barth.
1780 4813 1820 4867 St.
1836 4813 1889 4868 No.
1903 4815 1974 4866 aluo.

599 4899 699 4954 Gedr:
717 4900 762 4967 B,
781 4901 835 4953 363
853 4900 924 4953 noch
941 4899 1001 4953 dean
1016 4898 1061 4954 Or.
1078 4939 1083 4951 .
1120 4899 1250 4969 Ausrup:
1272 4899 1395 4964 Thomas,
1418 4899 1544 4969 Oberbos,
1562 4903 1624 4970 445,
1636 4901 1828 4956 onaehentlieb
1839 4919 1875 4957 ru
1891 4899 1990 4957 October
2001 4899 2025 4949 4.

382 5149 474 5225 853.
497 5158 671 5236 Jobuuuee,
695 5159 751 5222 der
773 5159 860 5223 Sobu
882 5159 937 5222 des
960 5159 1176 5223 verstorbeuen
1201 5159 1294 5239 θέρεϊ
1317 5180 1376 5223 vore
1392 5159 1606 5238 Holrbuusea
1631 5161 1698 5224 und
1719 5160 1831 5224 descen
1847 5160 1938 5226 Fron
1952 5157 2025 5222 Irm-

497 5266 571 5328 trud
594 5265 765 5347 verhoecsen
789 5265 859 5328 dem
881 5264 1019 5329 Kourod
1035 5264 1206 5344 Berresleck
1229 5265 1296 5328 erud
1319 5269 1420 5330 seiuer
1435 5265 1469 5328 F
1469 5287 1530 5330 rau
1546 5266 1683 5352 Hedwt'p
1706 5265 1843 5332 dMorb
1860 5264 2027 5348 joh-talen

499 5371 612 5436 Ziuses
635 5371 698 5452 auf
719 5373 818 5435 ibrem
841 5371 954 5435 Haase
978 5371 1060 5434 Zure
1083 5371 1167 5434 alten
1188 5370 1327 5436 Webeb'u
1350 5373 1416 5436 und
1439 5373 1499 5436 deu
1521 5373 1606 5438 doru
1628 5371 1797 5457 peledripeu
1819 5370 2024 5438 Brodtisobeu.

499 5483 585 5543 1304
608 5478 783 5542 November
805 5475 876 5541 24.l

438 5671 447 5702 ¹
465 5670 521 5723 Die
540 5688 590 5724 oon
608 5672 653 5738 B,
672 5673 735 5738 364,
753 5687 788 5724 ru
808 5675 879 5725 1304
896 5671 1047 5725 November
1061 5675 1096 5724 18
1115 5671 1184 5724 noch
1237 5672 1452 5740 rancescere,
1472 5671 1525 5725 No.
1546 5675 1614 5737 16o,
1632 5671 1671 5726 St.
1686 5672 1722 5726 A.
1738 5671 1790 5726 Fr.
1813 5667 2025 5738 ιοίιάθνμεθθὸᾱκ

382 5759 525 5823 Aboohrift
544 5759 575 5812 in
584 5759 713 5828 Jocquin,
735 5759 825 5814 Codex
834 5759 1042 5828 Probutionum,
1055 5759 1183 5814 Domini·
1242 5759 1371 5815 Urbeude
1387 5761 1483 5832 qebdrt
1500 5775 1535 5814 ru
1554 5763 1632 5815 1334.
