4400 6384
383 337 449 402 314
1077 329 1147 384 1293
1165 329 1288 382 Februar
1307 330 1350 382 25.

490 530 696 611 LudewicuS,
730 528 815 594 filius
848 527 1009 611 Gyplonis
1043 530 1082 592 de
1116 527 1316 607 Hulzhusen,
1348 534 1382 590 et
1413 527 1504 590 llusa
1532 545 1617 590 uxor
1646 525 1716 591 eius
1746 525 1918 608 legittima,
1951 525 2040 592 cives

384 639 732 704 Frankenvordenses
780 636 907 700 Terrore
936 633 1140 716 presencium
1170 632 1433 715 recognoscimus
1450 632 1476 706 ll
1494 631 1623 714 publice
1654 633 1846 714 profitendo,
1871 635 1958 713 quod
1981 654 2040 698 nos

384 743 649 812 ob'locacionem
680 746 793 809 domus
824 749 858 808 et
888 741 1101 808 dimidietatis
1132 740 1221 806 curie
1245 743 1287 805 ad
1311 760 1383 806 eam
1406 738 1599 822 spectantis
1624 758 1721 819 quam
1744 742 1907 820 quondam
1930 741 2040 806 Lude-

384 851 484 918 wicus
509 848 667 932 pannilex
678 849 708 942 ¹ll
726 847 926 916 inhabitavit
950 855 984 914 et
1004 847 1160 929 possedit,
1185 853 1218 913 et
1237 849 1278 913 ob
1294 846 1494 913 locacionem
1510 853 1544 912 et
1561 845 1802 913 concessionem
1818 846 1914 912 unius
1929 867 2039 914 marce

383 956 589 1024 denariorum
607 955 856 1034 Coloniensiuur,
877 975 939 1036 que
955 953 1092 1037 singulis
1109 953 1204 1020 annis
1220 953 1467 1040 diliahaturlll⁸
1482 957 1522 1018 de
1538 956 1631 1019 domo
1649 953 1674 1027 ll
1692 953 1832 1034 lapidea,
1858 973 1921 1034 que
1937 954 2039 1020 eciam

384 1067 548 1146 quondam
572 1060 636 1128 luit
659 1060 827 1128 Ludewici
851 1060 1000 1143 predicti,
1025 1081 1122 1142 quam
1145 1060 1274 1141 quidem
1297 1063 1426 1126 domum
1449 1069 1483 1126 et
1506 1059 1741 1126 dimidietatem
1765 1061 1855 1127 curie
1878 1061 1942 1143 ipsi
1961 1061 2040 1127 atti-

383 1176 514 1236 nentem
538 1176 571 1235 et
594 1169 717 1234 dietam
739 1187 882 1234 marcam
900 1187 1017 1233 census
1033 1167 1187 1233 annualis
1203 1167 1376 1251 religiosus
1392 1168 1445 1236 vir
1461 1166 1568 1233 irater
1582 1169 1791 1233 Hermannus
1808 1170 1848 1232 de
1864 1169 2040 1251 bioguncia

383 1276 559 1360 hospitalis
584 1275 691 1342 sancti
715 1273 878 1342 Johannis
894 1276 1163 1357 derosolourpluut
1186 1276 1429 1340 commendator
1451 1273 1484 1339 in
1509 1274 1655 1354 Colonia,
1680 1294 1799 1357 gerens
1815 1275 1904 1341 vices
1920 1275 2040 1340 domini

384 1383 537 1452 Godlridi
560 1386 600 1449 de
625 1381 842 1465 ClingenvelS,
874 1381 990 1447 summi
1017 1381 1223 1464 preceptoris
1248 1401 1307 1464 per
1330 1381 1546 1462 Alemaniam,
1571 1381 1665 1446 nobis
1688 1381 1759 1447 iure
1783 1381 1983 1448 hereditario
2007 1388 2041 1447 et

385 1491 508 1558 nostris
532 1489 706 1556 heredibus
730 1488 893 1555 concessit
909 1495 943 1554 et
958 1489 1083 1556 locavit
1098 1495 1258 1572 perpetuo
1274 1489 1516 1570 possidendum,
1541 1508 1601 1554 nos
1617 1488 1720 1554 eidem
1736 1486 1836 1555 fratri
1850 1489 2039 1554 Hermanno

385 1605 419 1665 et
442 1617 500 1664 suo
531 1595 638 1662 ordini
662 1603 811 1662 tenemur
839 1596 966 1662 solvere
991 1603 1024 1660 et
1048 1596 1217 1679 porrigere
1241 1594 1379 1680 singulis
1403 1595 1497 1661 annis
1520 1595 1555 1661 in
1578 1593 1665 1663 festo
1688 1596 1779 1662 beati
1803 1595 1940 1661 Martini
1963 1596 2040 1679 hye-

383 1704 479 1771 malis
510 1708 549 1770 de
580 1702 737 1786 predictis
767 1706 861 1768 domo
892 1709 926 1768 et
956 1702 1159 1769 dimidietate
1190 1703 1290 1785 curie,
1322 1723 1448 1768 necnon
1479 1706 1518 1768 de
1551 1722 1673 1784 marca,
1699 1723 1760 1784 que
1784 1704 1825 1768 do
1848 1701 1922 1784 ipsa
1945 1706 2038 1768 domo

384 1811 515 1894 lapidea
545 1810 642 1876 dictis
660 1861 666 1875 .
686 1863 692 1876 .
710 1807 871 1875 fratribus
902 1813 1017 1875 cedere
1046 1809 1226 1891 consuevit,
1251 1817 1393 1891 quatuor
1416 1830 1545 1876 marcas
1569 1809 1778 1875 denariorum
1800 1808 2039 1875 Colonienshoo

385 1937 502 1984 census
533 1916 693 1997 annualis
719 1915 805 1982 omni
827 1916 1048 1998 inpedimento
1077 1917 1208 1998 penitus
1232 1918 1373 1998 excluso,
1399 1919 1484 1998 qurod
1508 1916 1536 1982 si
1560 1936 1619 1982 nos
1642 1915 1696 1983 vel
1719 1915 1823 1982 nostri
1846 1917 1984 1982 heredes
2006 1916 2038 1981 in

385 2024 549 2091 solucione
574 2023 737 2089 dictarum
761 2030 902 2103 quatuor
925 2042 1111 2089 marcarum
1135 2044 1252 2090 census
1276 2024 1427 2090 annualis
1450 2023 1485 2089 in
1505 2022 1591 2090 lesto
1609 2022 1698 2088 beati
1713 2023 1848 2089 Martini
1865 2029 2037 2105 prenotato

384 2130 647 2216 negliglenteso)
675 2137 734 2195 aut
757 2129 885 2195 remissi
908 2127 1075 2212 fuerimus
1100 2130 1319 2212 prenominati
1342 2129 1449 2196 frater
1472 2133 1681 2196 Herma-nnus
1704 2132 1757 2199 vel
1780 2131 1832 2196 sui
1854 2128 2037 2197 confratres

385 2237 488 2319 ipsius
518 2236 641 2303 ordinis
672 2236 781 2303 sancti
809 2236 972 2303 Johannis
1003 2245 1189 2319 respectum
1219 2241 1259 2303 de
1283 2237 1431 2319 predicto
1456 2258 1555 2303 censu
1579 2240 1620 2303 ad
1645 2237 1832 2319 sepedictas
1856 2241 1984 2302 domum
2007 2245 2038 2303 et

386 2343 621 2410 dimidietatem
652 2343 740 2409 curie
772 2345 813 2409 ad
845 2363 915 2409 eam
947 2350 1152 2425 spectantem
1177 2365 1216 2410 ae
1240 2347 1282 2410 ad
1306 2346 1434 2410 domum
1456 2345 1621 2426 lapideam
1645 2345 1824 2424 habebunt,
1849 2351 1883 2410 et
1905 2344 2037 2410 nichila

385 2451 491 2517 minus
506 2449 611 2533 ipsam
627 2450 838 2532 mansionem,
856 2470 953 2531 quam
969 2449 1065 2516 iidem
1077 2451 1275 2517 Ludewicus
1291 2457 1325 2516 et
1342 2451 1393 2516 sui
1408 2452 1545 2516 heredes
1561 2451 1630 2516 iure
1648 2451 1847 2517 hereditario
1861 2451 2036 2533 possident,

387 2557 568 2641 prelibatus
592 2559 670 2623 ordo
695 2577 753 2639 pro
779 2556 978 2641 subpignore
1002 2557 1145 2622 habebit.
1194 2558 1311 2623 Testes
1334 2558 1430 2622 huius
1453 2557 1630 2624 locacionis
1653 2565 1687 2625 et
1710 2558 1930 2624 concessionis
1947 2565 2035 2622 sunt:

387 2665 427 2732 W
430 2664 587 2729 ernherus
611 2667 651 2729 de
675 2664 875 2745 Wanebach,
902 2663 1009 2747 Gyplo
1033 2667 1073 2729 de
1097 2664 1297 2747 Hulzhusen,
1322 2665 1488 2730 Arnoldus
1512 2668 1552 2730 de
1576 2665 1758 2748 Glauburg,
1790 2663 1977 2731 Hertwieus
1999 2667 2038 2728 de

387 2770 467 2836 Alta
491 2772 594 2852 domo,
627 2772 799 2836 Cunradus
822 2769 1048 2853 Burneflecke,
1075 2772 1247 2836 Cunradus
1272 2774 1311 2836 de
1339 2770 1446 2852 Spira,
1471 2769 1612 2837 sifridus
1635 2775 1676 2837 de
1699 2772 1909 2856 Gysenheim,
1933 2772 2038 2836 Rude

388 2895 485 2960 genus
510 2879 550 2942 de
573 2876 774 2957 Hulzhusen,
803 2877 975 2942 {lohannes
997 2875 1126 2943 iuvenis
1150 2877 1326 2959 Goltstem,
1351 2878 1478 2948 scabini
1501 2881 1849 2960 Frankenvordenses,
1873 2885 1907 2944 et
1930 2897 2039 2959 quam-

388 2983 498 3064 plures
522 2982 578 3048 alii
601 2983 765 3067 fidedigni.
802 2984 843 3048 In
859 2982 951 3048 cuius
968 2983 1016 3049 rei
1032 2984 1253 3050 testimonium
1270 3005 1329 3051 nos
1344 2985 1541 3053 Ludewicus
1557 2992 1591 3051 et
1606 2987 1700 3051 Kusa
1715 2984 1856 3068 predicti
1872 2974 2040 3068 presentes

386 3088 518 3156 litteras
541 3089 728 3156 memoratis
752 3088 852 3156 fratri
875 3091 1065 3156 Hermanno
1090 3099 1124 3158 et
1145 3111 1203 3157 suo
1221 3091 1329 3158 ordini
1344 3091 1451 3175 sigiho
1467 3092 1698 3159 universitatis
1713 3090 2040 3159 Frankenvordensis

388 3195 548 3262 tradimus
570 3196 793 3262 communitas.
840 3195 886 3262 Et
910 3216 970 3262 nos
988 3249 994 3262 .
1014 3249 1020 3262 .
1038 3197 1166 3264 scabini
1189 3197 1371 3281 supradicti
1395 3199 1437 3264 ad
1460 3206 1612 3284 rogatum
1636 3199 1857 3282 predictorum
1873 3196 2041 3264 Ludewici

389 3309 422 3370 et
438 3323 495 3370 sue
514 3356 520 3369 .
541 3355 546 3366 .
566 3302 714 3386 coniugis
745 3301 885 3386 sigillum
909 3303 1137 3370 universitatis
1161 3305 1491 3371 Frankenvordensis
1514 3305 1723 3387 presentibus
1747 3305 1896 3371 duximus
1919 3323 2042 3386 appen-

388 3412 537 3476 dendum.
571 3410 691 3475 Actum
715 3429 800 3475 anno
824 3409 946 3476 domini
968 3411 1007 3476 rh.
1030 3405 1073 3478 eb.
1098 3392 1233 3494 xciii,
1257 3411 1292 3478 in
1315 3413 1481 3479 kathedra
1503 3413 1594 3480 beati
1616 3413 1708 3479 Petri
1731 3413 1881 3496 apostoli.

605 3551 651 3607 Or.
664 3551 752 3622 Ppmt.
789 3553 852 3606 Due
870 3553 1047 3623 ablrcmperrde
1066 3553 1155 3624 Siepel
1171 3554 1247 3620 fehlt.
1285 3553 1325 3608 St.
1338 3557 1373 3609 A.
1388 3555 1440 3610 Fr.
1453 3555 1620 3610 deterruiter
1636 3555 1700 3610 Urlr.
1714 3556 1768 3610 No.
1782 3558 1808 3610 ὅ.

603 3640 702 3696 datr:
721 3642 765 3710 B,
782 3643 836 3696 279
855 3643 925 3697 narb
943 3642 1001 3696 dero
1023 3642 1068 3698 Or.
1090 3685 1095 3696 .

389 3955 480 4031 630.
503 3964 634 4047 Kapdrl
663 3965 729 4030 ruvd
753 3963 892 4046 Pforrcr
921 3966 977 4029 dor
999 3964 1218 4048 Frnnl·furter
1241 3966 1442 4047 Stiflsl‘irchc
1471 3965 1535 4047 cus
1561 3967 1738 4046 (lorriaco,
1764 3967 1830 4030 und
1853 3965 2047 4033 Schultlreiss

503 4072 569 4136 und
584 4072 731 4152 Schdffca
753 4071 890 4136 doscllrst
906 4071 970 4153 ores
982 4073 1037 4136 der
1053 4073 1191 4137 crederer
1206 4074 1295 4154 Scite,
1320 4073 1489 4137 sclalicssen
1505 4077 1560 4136 mit
1575 4072 1809 4157 Eiruoillipuup
1824 4073 1880 4138 des
1897 4073 2047 4154 Propslrs

505 4177 659 4244 Eruerelro
682 4182 748 4243 ciue
777 4164 1005 4260 llbereinlrunft
1027 4179 1104 4243 uber
1125 4180 1176 4244 dic
1199 4179 1351 4245 Kollotur
1373 4181 1430 4245 ule-r
1452 4180 1586 4261 Kopellc
1608 4181 1663 4245 des
1686 4180 1835 4264 Heilr'pen
1858 4181 1973 4245 Germa
2002 4183 2050 4242 r'm

505 4284 665 4366 Hospilul,
690 4287 766 4349 iiber
794 4287 845 4350 dic
867 4285 981 4350 Recbte
1011 4287 1077 4350 unul
1094 4285 1372 4371 Verpslielrtuupru
1400 4288 1455 4351 des
1481 4287 1553 4351 dont
1575 4287 1777 4371 anpestelllen
1800 4287 1953 4353 Priestrrs
1974 4286 2049 4349 errari

505 4392 582 4456 iiber
604 4393 654 4456 die
671 4391 875 4476 Verruoltuup
898 4392 954 4456 der
976 4391 1226 4476 Hospitulpr'r'ler.
1273 4392 1467 4476 Fronlrfurt,
1493 4399 1581 4458 1293
1604 4393 1753 4459 1¹'elrrrrur
1774 4400 1828 4459 25.
1941 4375 1948 4388 ’

497 4532 658 4599 Noverint
689 4531 835 4600 universi
867 4531 1072 4614 presencium
1104 4533 1318 4616 inspectores,
1353 4538 1447 4617 quod,
1477 4554 1549 4601 cum
1577 4555 1676 4618 super
1708 4536 1887 4603 collacione
1920 4535 2050 4616 capelle

391 4639 499 4705 sancti
516 4639 658 4722 Spiritus
680 4639 882 4706 infirmorum
901 4639 935 4704 in
953 4638 979 4712 ll
996 4641 1236 4707 Franhenvord
1252 4641 1340 4707 inter
1357 4693 1364 4706 .
1384 4693 1390 4707 .
1408 4645 1568 4708 decanum
1586 4695 1592 4708 .
1612 4695 1619 4709 .
1636 4642 1817 4726 capitulum
1833 4651 1867 4709 et
1884 4695 1890 4709 .
1909 4695 1915 4708 .
1931 4640 2052 4724 pleba-

390 4765 467 4811 num
497 4745 633 4812 ecclesie
658 4746 987 4813 Frankenvordensis
1018 4767 1081 4812 ac.
1102 4799 1109 4812 .
1127 4746 1302 4813 scultetum
1325 4754 1360 4814 et
1377 4800 1383 4814 .
1403 4800 1409 4814 .
1427 4748 1610 4821 scallbinos
1640 4749 1760 4816 ibidem
1783 4749 1946 4816 dubitatio
1973 4747 2052 4816 sive

391 4853 518 4934 questio
546 4859 743 4934 verteretur,
773 4855 813 4919 de
846 4872 1005 4920 consensu
1037 4856 1212 4921 eorundem
1243 4875 1283 4920 ac
1312 4855 1513 4922 honorabilis
1545 4855 1610 4923 viri
1638 4856 1759 4925 domini
1790 4854 2051 4936 Emerllohonis,

391 4959 551 5043 prepositi
580 4959 667 5025 dicte
691 4959 827 5025 ecclesie
852 4961 1191 5042 Frankenvordensis,
1223 4981 1351 5028 exnunc
1379 4969 1414 5028 et
1435 4962 1572 5029 inantea
1595 4965 1837 5030 observandum
1859 4963 1969 5030 tahter
1996 4971 2054 5028 est

390 5065 577 5134 voluntarie
601 5069 844 5148 concordatum,
869 5070 954 5148 quod
972 5119 978 5133 .
998 5120 1004 5132 .
1022 5071 1167 5133 decanus
1191 5074 1249 5134 et.
1268 5069 1487 5136 ,scolasticus
1511 5090 1551 5136 ae
1569 5121 1575 5135 .
1595 5123 1601 5135 .
1620 5071 1779 5152 plebanus
1795 5071 1882 5136 dicte
1897 5069 2052 5147 ecclesie,

391 5174 448 5255 qui
479 5194 537 5256 pro
569 5181 715 5254 tempore
742 5171 876 5254 fuerint,
902 5181 935 5240 et
959 5181 1027 5240 tres
1046 5227 1051 5239 .
1072 5227 1078 5240 .
1097 5174 1233 5257 scabini,
1258 5195 1339 5256 quos
1357 5227 1363 5241 .
1383 5229 1389 5241 .
1408 5177 1534 5243 scabini
1557 5178 1895 5244 Frankenvordenses
1916 5178 1957 5241 ad
1985 5177 2054 5242 hoc

391 5279 633 5363 deputaverint,
666 5280 848 5364 predictam
880 5281 1039 5361 capellam
1069 5280 1178 5346 sancti
1212 5281 1354 5362 Spiritus
1383 5282 1593 5365 infirmorum,
1618 5288 1887 5366 quandocumque
1908 5288 1938 5349 et
1966 5303 2055 5364 quo-

392 5387 618 5468 cienscumque
651 5387 832 5469 vacaverit,
868 5386 1039 5453 conferent
1072 5391 1200 5471 ydoneo
1223 5440 1229 5453 .
1254 5440 1260 5454 .
1283 5389 1457 5456 sacerdoti.
1514 5390 1579 5475 Qui
1612 5394 1768 5457 sacerdos
1803 5391 1887 5457 dicte
1916 5390 2056 5471 capelle

391 5493 580 5560 deserviens
594 5493 815 5560 obedienciam
827 5493 930 5560 faciet
948 5548 953 5560 .
974 5547 979 5559 .
998 5498 1122 5561 decano
1135 5502 1169 5560 et
1187 5548 1192 5559 .
1212 5548 1219 5560 .
1238 5495 1381 5577 capitulo
1394 5504 1428 5562 et
1442 5497 1594 5563 intererit
1606 5497 1755 5563 omnibus
1766 5497 1855 5564 horis
1867 5497 2055 5580 canonicis,

392 5599 517 5665 diurnis
542 5607 575 5665 et
598 5601 778 5682 nocturnis
804 5621 896 5667 suam
921 5601 1138 5683 septimanam
1162 5606 1325 5670 servando
1348 5603 1381 5669 in
1411 5605 1519 5685 choro,
1545 5611 1641 5686 prout
1665 5605 1722 5671 alii
1739 5657 1745 5669 .
1765 5657 1771 5671 .
1789 5603 1902 5673 vicarii
1935 5601 2058 5684 ipsius

659 5794 683 5846 ι)
697 5791 796 5846 Lesunp
810 5793 933 5838 unstcber.
964 5793 998 5838 Ob
1012 5793 1198 5848 ‚diversantur
1214 5795 1380 5839 emaehriebcrr
1392 5796 1439 5850 [ἀν
1453 5795 1659 5849 ,oenrebrcwr
