4400 6384
870 319 938 374 leat
958 321 1070 389 augum
1086 319 1112 374 3.
1771 319 1815 386 43

155 515 261 584 incliti
283 515 403 583 domini
426 516 533 584 nostri
548 518 769 585 Romanorum
792 515 880 601 regis
904 523 938 584 et
962 515 1142 584 clarissime
1165 514 1293 583 domine
1316 523 1429 582 nostre
1444 516 1667 583 Romanorum
1691 514 1815 600 regine,

156 643 282 690 necnon
306 630 340 690 et
363 623 484 691 domini
507 626 546 692 G.
572 627 612 690 de
635 623 808 707 Budingen
831 626 872 690 de
896 623 1056 690 communi
1079 630 1192 690 nostro
1220 641 1381 689 consensu
1410 621 1592 689 remisimus
1622 621 1814 705 reverendis

156 730 190 796 in
214 730 343 797 domino
367 730 529 797 fratribus
554 731 677 798 ordinis
702 729 929 798 (isterciensis
952 729 986 796 in
1010 730 1155 796 claustro
1179 729 1351 814 Hegenehi
1372 730 1455 796 Jesu
1479 729 1610 799 Christo
1633 749 1674 796 ac
1702 736 1817 796 sancte

158 837 262 903 Marie
287 840 405 904 devote
429 837 649 906 servientibus
680 857 797 904 census
829 837 926 904 trium
954 836 1122 920 librarum,
1154 836 1272 919 quibus
1304 843 1417 904 nostre
1447 835 1578 903 civitati
1607 838 1647 902 de
1677 839 1818 918 quodam

159 945 250 1024 rubo,
276 943 408 1026 pascuis
439 952 474 1010 et
497 944 613 1026 pratis„
639 943 765 1011 Ridern
788 944 915 1027 vicinia,
950 945 1120 1011 annuatim
1144 944 1309 1010 solvendis
1333 943 1574 1010 rationabiliter
1601 944 1816 1024 tenebantur;

158 1051 248 1116 dicta
270 1052 359 1116 bona
380 1051 463 1133 ipsis
486 1051 615 1118 nomine
638 1071 716 1119 vere
740 1051 955 1134 proprietatis
979 1051 1211 1132 relinquentes.
1256 1049 1363 1116 Huius
1385 1068 1465 1118 vero
1489 1047 1572 1116 iacti
1595 1055 1698 1116 testes
1722 1055 1816 1116 sunt:

158 1155 334 1222 Heinricus
365 1159 405 1223 de
434 1159 625 1240 Boncmese,
659 1158 850 1224 Fridericus
882 1165 916 1225 et
949 1159 1170 1240 Marquardus
1203 1159 1242 1222 de
1273 1156 1547 1240 Bruningisheim,
1582 1155 1747 1238 Riperdus
1778 1158 1818 1222 de

160 1263 398 1346 Sahsinhusen,
430 1265 567 1347 militer,
602 1265 772 1330 iohannes
806 1265 986 1347 Goltstein,
1021 1265 1230 1330 Hermannus
1262 1263 1378 1348 Niger,
1412 1263 1559 1345 Ulricus,
1590 1263 1816 1344 Baldemarus,

158 1372 361 1438 Guntramus
385 1373 532 1456 Hunger,
559 1373 762 1440 Guntramus
785 1371 997 1454 monetariae,
1022 1371 1064 1436 H.
1081 1371 1229 1451 Brestro,
1260 1371 1432 1436 Conradus
1455 1369 1630 1450 Rvisere,⁸
1654 1365 1818 1434 Rudolfus

158 1477 238 1559 Blic,
264 1476 427 1544 liudolfus
450 1478 611 1560 Merddin,
637 1478 842 1560 Olobelouch,
869 1481 1040 1546 Cunradus
1064 1480 1104 1544 de
1128 1475 1318 1543 Gisenheim
1340 1482 1374 1542 et
1400 1475 1585 1560 Sviogerus,
1617 1474 1754 1556 scabini,
1784 1481 1818 1541 et

159 1590 311 1666 preterea
341 1587 550 1668 quamplures
573 1584 701 1669 ydonei.
746 1586 794 1653 Ut
824 1592 934 1651 autem
956 1586 1016 1651 bec
1040 1590 1108 1650 tam
1138 1582 1382 1650 rationabiliter
1405 1588 1482 1649 acta
1513 1601 1640 1665 semper
1664 1583 1812 1648 ammodo

158 1697 234 1758 rata
265 1699 298 1758 ct
321 1693 415 1758 firma
438 1699 662 1775 permaneant,
694 1691 810 1775 sigiliis
833 1691 956 1757 nostris
986 1711 1026 1757 ea
1056 1690 1260 1756 decrevimus
1289 1691 1455 1756 roborare.
1503 1691 1624 1756 Actum
1654 1707 1740 1755 anno
1771 1689 1814 1753 ab

157 1796 384 1866 incarnatione
409 1799 530 1866 domini
551 1779 596 1866 il.
622 1779 682 1866 0⁰0.
707 1777 864 1880 xidvss,
889 1798 934 1864 Π.
959 1797 1119 1864 kalendas
1144 1797 1285 1881 augusti.

374 1941 419 1996 Or.
435 1943 524 2012 Ppmi.
552 1941 727 2013 Anauaqerd
745 1942 772 2008 1)
792 1940 954 2012 Stcdleiegel
967 1943 1009 2008 (1)
1029 1941 1192 2011 bescbddt'pt.
1222 1942 1252 2005 2)
1271 1939 1360 2008 Siepel
1384 1939 1431 1994 dea
1455 1937 1656 1993 &miletam
1680 1936 1813 1992 Ebenoia

427 2031 466 2085 St.
480 2032 513 2085 Δ.
528 2029 575 2085 Fr.
594 2031 668 2085 Heil.
684 2030 767 2085 Gelai.
782 2030 870 2099 Hesp.
890 2029 958 2085 Lite.
974 2029 1009 2098 R,
1029 2030 1081 2084 No.
1095 2034 1121 2083 4.

372 2119 472 2174 Geir:
489 2120 609 2174 Lersner
620 2116 692 2187 11⁶,
705 2123 748 2185 47,
767 2119 812 2187 13,
827 2121 862 2174 50
879 2118 949 2172 nacla
960 2117 1019 2171 dam
1035 2117 1090 2186 Or,
1109 2119 1160 2189 apl.
1173 2116 1270 2185 Seuer,
1289 2116 1405 2171 Nucbtr.
1419 2115 1448 2170 S.
1461 2119 1544 2171 1411
1555 2116 1609 2170 No.
1624 2119 1684 2172 373.
1704 2115 1814 2183 dieder,

428 2209 590 2279 Flu'edberp,
609 2207 634 2273 Ι,
654 2211 697 2263 35.

378 2297 471 2353 Vera:
490 2297 585 2366 B.-F.,
605 2297 658 2352 No.
671 2299 750 2352 4068.

159 2537 224 2615 82.
249 2547 359 2632 Kiniy
384 2549 539 2613 Heinrich
557 2547 673 2632 (VII.)
699 2547 898 2626 bcurbrrtaiei,
934 2547 1012 2612 dass
1047 2545 1112 2627 auf
1140 2549 1224 2610 seiae
1252 2545 1493 2631 Vercalassrmy
1524 2546 1575 2611 dic
1597 2546 1728 2632 Brirger
1759 2567 1820 2612 coa

248 2653 433 2737 Froakfrni
455 2677 497 2719 aa
515 2655 659 2720 Gaaatca
681 2655 736 2720 des
751 2653 900 2719 Kioslcrs
916 2653 1027 2719 Hoirtc
1053 2653 1117 2734 cors
1137 2653 1205 2717 ihre
1220 2652 1409 2734 Aaspreiclce
1432 2675 1476 2718 aa
1497 2653 1558 2718 den
1578 2653 1673 2719 Watd
1687 2655 1754 2718 und
1768 2655 1819 2719 dic

260 2761 372 2843 Weide,
397 2762 508 2827 welche
523 2783 597 2826 aum
612 2759 803 2843 Riederlrofe
818 2761 962 2845 pellicea,
987 2761 1150 2824 cerricliei
1168 2759 1277 2824 iodea.
1316 2757 1528 2839 Gelniouaen,
1546 2765 1637 2824 1227
1645 2759 1775 2844 August
1786 2767 1816 2826 3.

267 2902 431 2969 Henricus
445 2905 461 2942 *
475 2902 632 2986 septimus
647 2905 663 2942 *
677 2901 788 2970 divina
803 2900 939 2970 favente
956 2900 1131 2968 clementia
1143 2901 1365 2967 Romanorum
1380 2920 1440 2967 rex
1456 2907 1491 2966 et
1506 2920 1634 2983 semper
1647 2908 1817 2985 augustus.

161 3009 334 3078 Universis
364 3009 398 3076 in
429 3017 632 3092 perpetuum.
648 3008 674 3083 ll
699 3013 830 3096 Quanto
860 3029 920 3075 nos
951 3010 1047 3074 fidem
1074 3027 1114 3074 ac
1144 3007 1349 3075 devotionem
1380 3007 1504 3074 ordinis
1527 3007 1755 3075 cisterciensis
1784 3009 1819 3078 in

160 3117 272 3182 multis
297 3115 396 3183 simus
420 3116 558 3199 experti,
583 3124 678 3184 tanto
703 3115 842 3198 amplius
866 3135 915 3198 ea,
941 3135 1003 3197 que
1028 3136 1048 3181 a
1071 3114 1359 3197 predecessoribus
1385 3121 1420 3180 et
1443 3114 1665 3197 parentitibus
1695 3115 1819 3182 nostris

161 3223 208 3289 eis
232 3243 342 3290 amore
358 3223 519 3292 virtutum
534 3223 656 3290 collata
673 3230 758 3306 sunt,
784 3229 999 3308 augmentare
1016 3221 1226 3304 proponimus
1243 3229 1276 3288 et
1292 3223 1334 3288 ab
1350 3221 1438 3289 omni
1452 3222 1605 3304 scrupulo
1622 3242 1819 3290 conservare

160 3329 194 3395 in
210 3337 379 3412 posterum
394 3330 524 3396 eisdem.
561 3331 634 3397 Hac
650 3330 761 3413 itaque
775 3329 801 3404 li
818 3327 947 3397 ratione
964 3328 1055 3394 ducti
1071 3331 1114 3394 ad
1129 3328 1285 3395 noticiam
1299 3327 1527 3397 universorum
1543 3349 1583 3395 ex
1598 3327 1819 3396 insinuatione

162 3437 363 3519 presentium
387 3436 534 3519 cupimus
546 3437 729 3520 pervenire,
754 3441 849 3520 quod,
877 3456 949 3502 cum
972 3457 993 3504 a
1009 3435 1216 3503 serenissimo
1233 3434 1362 3502 domino
1377 3435 1576 3518 imperatore
1593 3443 1689 3518 patre
1705 3443 1818 3503 nostro

162 3543 289 3610 dilectis
321 3543 445 3610 nostris
479 3543 594 3610 abbati
624 3551 658 3610 et
690 3542 867 3612 couventui
899 3546 939 3608 de
971 3543 1149 3627 Hegenehe
1183 3541 1284 3626 curia,
1318 3561 1380 3625 que
1412 3541 1551 3609 Riderin
1582 3542 1713 3624 dicitur,
1747 3562 1819 3609 oum

161 3649 309 3716 omnibus
333 3650 529 3734 attinentiis,
562 3650 717 3718 videlicet
749 3650 864 3733 pratia,
899 3649 991 3716 silvis
1023 3655 1057 3715 et
1080 3648 1222 3732 pascuis,
1248 3649 1358 3716 divine
1390 3648 1663 3717 remunerationis
1696 3648 1819 3715 intuitu

162 3756 284 3822 collata
306 3754 457 3840 fuissent,
483 3757 572 3826 cives
596 3760 636 3824 de
658 3754 916 3840 Francheniurt,
942 3762 1140 3838 asserentes,
1173 3758 1258 3836 quod
1282 3758 1326 3822 ad
1349 3755 1494 3838 ipsorum
1517 3753 1755 3822 iuridictionem
1786 3761 1820 3821 et

162 3862 417 3930 conmunitatem
441 3870 582 3947 pratum,
608 3863 692 3931 silva
716 3869 749 3930 et
771 3882 894 3946 pascua
917 3861 982 3928 iam
999 3861 1085 3928 dicte
1102 3860 1191 3927 curie
1212 3861 1426 3945 pertinerent,
1451 3868 1486 3928 et
1508 3868 1682 3944 prenotato
1706 3861 1821 3928 abbati

162 3975 196 4036 et
220 3988 278 4036 suo
306 3971 482 4039 conventui
509 3971 544 4038 in
569 3969 725 4055 predictis
756 3969 941 4036 attinentiis
971 3989 1031 4051 per
1061 3968 1193 4050 aliquod
1223 3975 1354 4052 tempus
1383 3988 1448 4035 non
1478 3968 1639 4034 modicam
1666 3967 1820 4034 iniuriam

161 4075 353 4160 intulerunt,
383 4080 516 4144 tandem
547 4077 702 4160 prelibati
725 4077 814 4144 cives
837 4077 993 4142 mandato
1025 4082 1059 4142 et
1088 4074 1245 4157 peticioni
1273 4082 1387 4142 nostre
1419 4074 1665 4157 acquiescentes
1697 4075 1739 4141 ab
1771 4073 1821 4140 in-

162 4181 340 4251 festatione
363 4181 507 4266 sepefati
530 4183 662 4251 abbatis
692 4189 726 4249 et
755 4182 807 4248 sui
831 4187 1012 4249 conventus
1036 4181 1242 4248 desistebant
1269 4188 1312 4265 et,
1338 4181 1490 4265 quicquid
1519 4180 1601 4247 iuris
1632 4180 1667 4246 in
1698 4180 1820 4247 eisdem

162 4289 256 4356 bonis
283 4291 406 4358 babere
421 4290 630 4374 videbantur,
644 4290 775 4374 penitus
791 4288 1032 4356 renunciabant
1048 4296 1081 4355 et
1098 4291 1141 4356 ad
1155 4290 1311 4356 maiorem
1327 4289 1525 4357 evidentiam
1541 4295 1575 4355 ct
1591 4287 1819 4355 certitudinem

162 4397 293 4463 litteras
317 4417 390 4463 cum
413 4397 520 4482 sigillo
545 4416 603 4464 sue
619 4396 765 4464 civitatis
782 4395 897 4462 abbati
912 4401 946 4462 et
962 4415 1020 4462 suo
1038 4395 1214 4463 conventui
1233 4395 1268 4462 in
1283 4401 1400 4462 nostra
1416 4395 1584 4478 presentia
1599 4395 1818 4462 contulerunt.

162 4505 231 4570 Nos
253 4523 332 4571 vero
357 4507 567 4571 attendentes
590 4504 788 4572 laudabilem
811 4501 1018 4570 collationem
1042 4501 1164 4569 domini
1185 4501 1396 4585 imperatoris
1420 4509 1454 4568 et
1483 4501 1653 4569 remissam
1677 4500 1821 4584 qualem-

44 4623 47 4630 ·
162 4631 290 4693 cunque
312 4611 542 4695 inpeticionem
567 4611 686 4679 civium
709 4615 749 4678 de
767 4607 1024 4693 Francheniurt,
1050 4612 1093 4676 ad
1119 4609 1313 4676 instantiam
1343 4615 1377 4676 et
1400 4608 1595 4692 peticionem
1625 4607 1757 4675 abbatis
1787 4614 1821 4674 et

163 4717 215 4784 sui
238 4726 419 4786 conventus
443 4726 629 4802 presentem
658 4718 804 4784 litteram
834 4715 935 4783 scribi
959 4715 1095 4782 iacimus
1126 4723 1169 4799 et,
1200 4736 1242 4782 ne
1265 4715 1299 4782 in
1325 4723 1494 4798 posterum
1523 4721 1634 4782 tractu
1663 4713 1820 4798 temporis

164 4824 282 4906 aliquis
306 4825 479 4908 scrupulus
502 4831 615 4908 posset
638 4822 789 4905 suboriri,
821 4821 921 4906 sigilli
943 4821 1050 4888 nostri
1072 4821 1257 4904 patrocinio
1281 4824 1416 4889 eandem
1445 4821 1599 4889 iussimus
1629 4819 1819 4890 conmuniri.

163 4931 374 4998 Auctoritate
398 4931 491 5016 regia
514 4930 740 4998 nichilominus
763 4929 946 4996 firmissime
969 4929 1199 5012 precipientes,
1230 4950 1272 4997 ne
1296 4930 1368 5012 quis
1391 4949 1474 4997 ausu
1497 4932 1615 4996 ductus
1645 4928 1820 4996 temerario

164 5036 349 5120 sepefatum
365 5040 519 5105 abbatem
535 5045 569 5104 et
585 5057 678 5105 suum
695 5043 890 5105 conventum
903 5037 938 5102 in
955 5036 1047 5104 curia
1063 5037 1233 5120 sepedicta
1248 5043 1283 5103 et
1298 5036 1366 5104 suis
1382 5036 1577 5118 attinentiis,
1595 5035 1711 5120 pratis,
1728 5033 1821 5102 silvis

165 5165 205 5212 ac
217 5144 358 5228 pascuis,
376 5165 519 5229 gravare
532 5152 700 5227 presumat
716 5143 770 5211 vel
781 5143 933 5210 iniuriam
944 5143 1105 5228 irrogare,
1119 5148 1205 5227 quod
1218 5144 1274 5226 qui
1285 5144 1546 5226 attemptaverit,
1562 5142 1821 5227 indignationem

165 5258 200 5319 et
222 5271 357 5336 gravem
381 5250 537 5319 offensam
560 5257 673 5319 nostre
697 5249 900 5318 celsitudinis
925 5270 960 5317 se
983 5251 1115 5318 noverit
1137 5250 1325 5318 incurrisse.
1373 5250 1491 5317 Testes
1514 5256 1634 5332 autem,
1666 5249 1721 5330 qui
1747 5268 1821 5331 pre-

163 5357 272 5425 missis
287 5357 519 5442 interinerunt,
537 5358 584 5425 hii
596 5366 689 5425 sunt:
706 5357 913 5426 venerabiles
926 5359 957 5425 S.
971 5357 1245 5441 Moguntinensis,
1258 5358 1296 5423 Τ.
1311 5356 1510 5426 Threvensis
1518 5357 1555 5444 (1)
1571 5354 1819 5438 archiepiscopi,

165 5466 209 5532 H.
225 5465 434 5548 Eistetensis,
470 5466 512 5531 H.
528 5463 789 5548 Wormatiensis,
826 5463 980 5548 episcopi,
1016 5464 1155 5531 illustris
1178 5464 1216 5530 L.
1242 5467 1309 5531 dun
1331 5463 1508 5548 Bavvarie,
1543 5463 1586 5531 H.
1610 5461 1756 5529 marchio
1780 5465 1821 5529 de

166 5573 289 5656 Baden,
315 5575 350 5640 O.
374 5571 574 5657 burgravius
597 5573 638 5639 de
660 5571 854 5655 Nurinberc,
880 5572 918 5638 L.
943 5575 983 5638 de
1007 5571 1183 5656 Cigenahe,
1211 5573 1253 5638 H.
1278 5575 1319 5638 de
1342 5572 1507 5655 Dilingen,
1538 5570 1682 5652 comites
1715 5571 1755 5637 G.
1781 5572 1821 5634 de

433 5781 987 5835 a)Daavrderu(?)rteblrlberderZelle.
