4400 6384
774 349 842 402 1312
861 347 1012 402 November
1033 349 1048 400 7
1068 379 1100 386 -—
1122 347 1198 402 1312.
1747 346 1812 412 4111)

264 546 434 611 Johannes
467 545 662 612 scolasticus
694 549 861 626 totumque
890 544 1069 626 capitulum
1101 544 1237 609 ecclesie
1262 542 1593 608 Frankinvordensis.
1641 542 1814 608 Universis

156 651 363 733 presencium
378 651 621 733 inspectoribus
638 652 785 717 volumus
803 671 873 717 esse
891 657 1013 732 notum,
1039 654 1135 732 quod,
1160 670 1232 716 cum
1248 649 1271 722 11
1286 655 1427 715 vacante
1445 652 1608 715 decanatu
1624 649 1659 714 in
1674 647 1814 714 ecclesia

156 765 274 823 nostra
303 757 452 840 predicta
483 779 542 841 per
573 758 832 841 resignacionem
862 758 991 823 honesti
1021 757 1085 824 viri
1116 756 1237 822 domini
1259 756 1411 838 Philippi,
1442 756 1582 821 rectoris
1613 756 1749 821 ecclesie
1779 756 1813 821 in

156 865 350 946 Mersevelt‚
387 865 493 930 nostri
511 864 536 938 11
555 865 775 941 concanonici,
813 865 915 946 primo
951 864 1111 948 magister
1145 865 1318 943 Ernestus
1355 863 1528 929 notarius⁸
1563 866 1602 928 de
1637 863 1811 945 Molhusin,

156 971 307 1037 notarius
331 971 504 1038 reverendi
528 972 635 1054 patris
659 971 779 1037 domiui
801 971 1040 1054 archiepiscopi
1055 970 1253 1054 blaguntiui‚
1275 971 1297 1042 ,11
1316 970 1432 1036 deinde
1456 969 1604 1035 dominus
1621 972 1813 1037 Gerhardus

156 1081 196 1144 de
213 1079 404 1160 Wertlreim,
430 1078 574 1145 vicarius
605 1077 741 1144 ecclesie
765 1078 1002 1160 Erbipolensis
1027 1078 1098 1160 ipso
1123 1077 1284 1161 magistro
1308 1078 1365 1142 Er.
1388 1076 1588 1160 resignante,
1613 1076 1647 1141 in
1671 1079 1813 1142 decanos

156 1193 271 1250 nostre
302 1185 438 1251 ecclesie
471 1185 656 1254 successive
688 1185 784 1251 electi
815 1193 935 1266 essent,
961 1205 1000 1250 ac
1031 1185 1181 1250 similiter
1211 1185 1282 1266 ipse
1307 1185 1499 1250 Gerbardus
1524 1183 1571 1248 sic
1595 1184 1728 1261 electus,
1755 1203 1814 1265 per

155 1292 317 1357 modicum
348 1298 476 1374 tempus
507 1283 704 1358 decanatum
734 1291 917 1357 huiusmodi
947 1299 1059 1357 nostre
1091 1291 1227 1356 ecclesie
1260 1298 1384 1372 166666,
1416 1289 1638 1373 resignaverit
1669 1310 1749 1372 pure
1780 1297 1813 1354 61

156 1397 359 1480 simpliciter,
385 1402 584 1480 pretendens
600 1399 749 1464 redditus
765 1398 871 1464 minus
888 1419 959 1464 esse
977 1403 1200 1479 competentes
1217 1417 1275 1479 pro
1294 1416 1391 1463 onere
1408 1403 1441 1462 et
1457 1396 1615 1480 regimine
1631 1399 1814 1462 decanatus

156 1505 317 1570 eiusdem:
343 1525 402 1570 nos
427 1506 674 1571 considerantes
698 1503 827 1570 fructus
851 1513 884 1570 61
908 1511 1087 1586 proventus
1113 1507 1293 1569 decanatus
1318 1503 1494 1585 prescripti
1510 1506 1592 1569 adeo
1609 1523 1681 1568 esse
1698 1509 1813 1569 tenues

156 1619 189 1676 61
214 1610 325 1693 exiles
351 1616 437 1693 quod
461 1619 596 1694 propter
621 1610 785 1677 defectum
808 1610 992 1676 huiusmodi
1014 1617 1233 1692 proventuum
1257 1630 1313 1675 seu
1338 1607 1505 1675 fructuum
1529 1629 1670 1691 persona
1684 1613 1814 1692 ydonea

155 1717 298 1783 inveniri
327 1738 392 1784 non
423 1726 565 1800 poterat,
591 1738 652 1798 que
684 1721 879 1783 decanatum
911 1717 1131 1798 prescriptum
1154 1717 1257 1781 eciam
1281 1719 1323 1782 ad
1348 1717 1512 1782 sollertem
1537 1723 1683 1781 nostram
1707 1716 1814 1797 requi-

156 1823 312 1890 sicionem
328 1831 503 1906 acceptare
520 1831 662 1900 curaret,
688 1823 836 1906 pluribus
853 1823 1054 1889 tractatibus
1070 1823 1104 1888 in
1121 1830 1234 1889 nostro
1252 1823 1396 1905 capitulo
1413 1822 1595 1905 prehabitis
1612 1842 1651 1888 ac
1667 1823 1813 1888 utilitate

155 1937 189 1996 et
221 1951 346 1997 summa
370 1931 569 1997 necessitate
594 1931 729 1996 ecclesie
754 1935 865 1995 nostre
890 1929 1036 2010 predicte
1060 1929 1228 2012 inspectis
1254 1929 1402 1995 redditus
1425 1929 1609 1995 huiusmodi
1632 1932 1813 1994 decanatus

155 2057 215 2118 pro
241 2037 383 2103 uberiori
407 2037 652 2104 sustentatione
677 2034 820 2118 decani,b
842 2036 898 2118 qui
921 2056 979 2119 pro
1005 2044 1150 2118 tempore
1174 2034 1332 2102 fueritin
1357 2036 1496 2102 ecclesia
1519 2044 1643 2115 nostra,
1668 2035 1702 2101 in
1727 2037 1812 2101 hunc

154 2147 286 2210 modum
317 2144 467 2210 duximus
492 2147 762 2228 augmentandos
788 2144 936 2210 volentes
961 2142 1116 2208 videlicet
1139 2148 1173 2208 et
1197 2143 1397 2225 ordinantes,
1423 2147 1509 2224 quod
1533 2146 1677 2209 decanus
1701 2148 1812 2208 nostre

155 2251 294 2316 ecclesie
324 2252 456 2332 duplum
487 2251 565 2331 eius
593 2254 676 2332 quod
708 2251 794 2316 alter
825 2249 1053 2316 canonicorum
1084 2249 1204 2315 ibidem
1234 2251 1361 2333 recipit,
1387 2251 1421 2316 in
1452 2271 1546 2332 pane,
1572 2249 1751 2332 presenciis
1779 2257 1813 2315 61

155 2355 653 2439 funeralibus'quibuscumque,
679 2378 740 2438 que
766 2357 973 2439 presentibus
996 2356 1030 2422 in
1055 2359 1153 2424 choro
1178 2356 1430 2438 distribuuntur,
1456 2356 1618 2439 percipiat
1642 2364 1675 2421 61
1690 2357 1813 2422 habeat

153 2463 188 2528 in
213 2462 370 2529 futurum.
417 2465 457 2529 In
480 2463 575 2529 huius
599 2463 647 2529 rei
671 2463 873 2530 evidenciam
893 2471 1143 2545 aoperpetuam
1158 2464 1405 2530 roboracionem
1422 2464 1530 2547 sigillo
1547 2469 1659 2529 nostre
1677 2463 1813 2529 ecclesie

154 2569 323 2651 sepedicta
357 2571 418 2636 has
452 2571 583 2636 litteras
615 2569 752 2636 fecimus
784 2570 921 2636 firmiter
954 2570 1152 2635 communiri.
1208 2571 1330 2637 Datum
1365 2578 1398 2636 et
1431 2576 1541 2636 actum
1575 2590 1660 2635 anno
1693 2569 1814 2635 domini

155 2675 326 2742 millesimo
356 2674 421 2742 616.
452 2656 542 2758 ΧΪΙ,
568 2680 610 2741 ad
635 2676 766 2744 vincula
790 2676 897 2742 sancti
920 2676 1011 2742 Petri
1035 2675 1186 2758 apostoli.

373 2817 419 2872 Or.
434 2819 522 2888 Ppmt.
537 2819 586 2872 mit
605 2818 808 2888 abbaupeadem
827 2819 922 2888 Siepcl.
960 2817 998 2872 st.
1012 2819 1046 2872 A.
1061 2819 1113 2872 Fr.
1127 2819 1225 2872 Barth.
1240 2819 1279 2873 st.
1292 2818 1345 2872 No.
1359 2824 1418 2873 186.

372 2907 471 2961 Getta:
489 2907 533 2974 Β,
553 2909 606 2960 102
624 2908 694 2961 acob
713 2907 856 2971 Abscbrift
874 2907 906 2960 ia
924 2907 1154 2974 Barth-Budua,
1173 2907 1249 2961 Seria
1267 2908 1293 2974 1,
1314 2907 1366 2961 No.
1379 2904 1435 2960 221>
1454 2909 1473 2972 ll
1489 2905 1568 2960 1231).

152 3272 248 3350 956.
271 3283 394 3364 1166661
412 3303 469 3347 oon
483 3281 627 3361 1166166,
644 3283 730 3348 Soita
746 3283 800 3346 des·
817 3282 1262 3366 66616616661669966166
1278 3305 1337 3347 666
1352 3283 1528 3367 Fricdberp
1545 3283 1811 3365 111116611166116,

273 3391 339 3453 6611
362 3393 446 3454 seiae
462 3389 496 3452 F
495 3411 555 3454 roo
575 3389 685 3454 Giselo
709 3389 882 3470 6661666166
905 3389 972 3453 dom
990 3388 1812 3473 1166166116616661666666186611666166666131966-

271 3501 362 3579 9116·
386 3495 553 3579 (,6611616.
578 3513 678 3560 unum
707 3495 855 3577 iugerum
887 3514 960 3559 cum
988 3494 1119 3559 dimidio
1143 3502 1177 3560 et
1200 3495 1249 3559 IV
1269 3515 1400 3561 mansos
1425 3514 1578 3578 agrorum
1602 3495 1810 3579 arabilium“)

271 3625 313 3666 66
339 3603 578 3669 obnubilato&
606 3603 665 3684 fiir
691 3607 761 3666 227
782 3601 890 3666 Morio
936 3603 1004 3666 Vort
1030 3607 1169 3666 66116666
1194 3609 1236 3667 10
1260 3603 1397 3687 Morpcp
1420 3604 1474 3667 1661
1497 3605 1552 3667 dor
1576 3603 1813 3668 Deutscborciea

266 3709 409 3789 jaurino
437 3710 608 3791 vacuasset
631 3710 753 3774 Wciaca
777 3731 818 3773 66
842 3709 964 3790 116661
987 3711 1053 3773 6661
1076 3709 1187 3773 deseca
1202 3709 1311 3774 Erben
1333 3733 1374 3773 66
1398 3712 1575 3775 6616161166.
1622 3710 1812 3794 1366169616

272 3815 394 3898 116661
411 3817 475 3880 6661
491 3819 559 3881 scia
576 3817 677 3881 1666·
693 3813 1019 3900 (6616116116)1116161
1037 3837 1094 3880 666
1111 3815 1252 3880 1166166.
1298 3821 1387 3880 1312
1402 3817 1575 3881 November
1594 3821 1621 3880 7.
1660 3796 1749 3900 (Vll.
1766 3815 1809 3880 id.

273 3923 454 4007 novembr.)

371 4063 467 4116 Gades
488 4063 577 4128 Baur,
604 4063 682 4116 Hcss.
697 4063 770 4128 Urba,
798 4063 823 4131 Ι,
849 4067 902 4116 327
926 4065 1016 4131 „rancia
1044 4065 1114 4117 6116·
1139 4065 1300 4129 1116616111
1326 4065 1445 4133 petebat.
1496 4064 1568 4117 Hier
1593 4064 1718 4135 repectirt
1744 4067 1813 4118 66616

422 4152 566 4216 6116616111
585 4152 621 4204 ivn
640 4152 1130 4207 116616611661666-11616666616611661
1148 4153 1246 4220 1207,
1266 4153 1304 4208 St.
1319 4155 1353 4208 A.
1369 4156 1562 4225 1316119661.-
1576 4154 1636 4208 Von
1649 4155 1811 4208 Natbuaiue.

146 4518 246 4594 957.
271 4525 351 4591 Deru
376 4527 732 4592 Deucsetordeusbause
761 4528 1087 4592 611511-6166661666666
1120 4529 1393 4592 616161611161116
1418 4528 1507 4592 111611
1533 4530 1588 4592 des
1613 4528 1812 4592 2611616666

273 4633 399 4699 Lieblos
423 4634 523 4698 (166611
550 4635 774 4699 (1666166666
796 4635 1037 4718 acopcsprocltcn.
1086 4641 1183 4698 1312.
1224 4707 1228 4715 Ι

369 4776 469 4845 Repest
488 4775 529 4829 bei
549 4775 754 4844 Nicdcrmapcr‚
775 4777 829 4828 159
849 4749 917 4829 66611
936 4775 994 4827 decu
1013 4775 1389 4829 Dememorans-Sartaba.

143 5145 244 5221 958.
271 5151 344 5216 Dus·
373 5151 712 5218 Dertlscborclcuslatus
742 5175 782 5214 66
813 5152 1072 5216 Socbsculutuscu
1103 5153 1185 5234 picbt
1216 5155 1248 5214 16
1277 5156 1466 5235 1166666611
1495 5153 1550 5215 cles
1575 5151 1723 5232 Propstcs
1756 5173 1813 5215 666

272 5259 452 5324 1116661611
481 5260 550 5323 (lecu
573 5260 710 5343 Wiporal
744 5281 799 5322 rou
831 5259 1068 5325 01666111616611
1098 5257 1162 5329 Ple
1188 5259 1301 5338 116166
1330 5259 1397 5321 6661
1427 5258 1609 5341 31161616
1631 5257 1812 5322 1161616661

276 5367 340 5430 6661
363 5367 485 5431 Wicscu
508 5369 542 5429 in
565 5365 682 5430 Bieber
711 5367 769 5446 fiir
801 5371 842 5428 19
866 5365 977 5428 11611161
1000 5365 1105 5442 Korn,
1129 5371 1153 5428 2
1177 5366 1285 5430 Giinsc
1317 5366 1381 5428 6611
1410 5365 1756 5443 2111116666,61161161
1781 5368 1813 5426 16

270 5472 482 5537 Erbbcsloncl.
532 5478 627 5535 1312.

370 5613 467 5682 Repeti
489 5613 530 5665 bei
549 5612 756 5680 Nicdermopcr,
777 5615 829 5666 112
847 5614 917 5666 abab
936 5613 994 5666 clem
1014 5613 1389 5666 Heracleaene-statuat.

422 5804 617 5857 6)]’1111166666
633 5804 705 5850 Time
720 5806 746 5849 16
761 5807 829 5850 etrier
842 5806 1047 5860 [6166166666
1061 5805 1146 5850 mucre
1160 5806 1347 5860 rraclrpetrapea.
1374 5805 1400 5859 b)
1415 5805 1456 5850 Or.
1472 5805 1578 5858 „denuit
