4400 6384
396 317 461 382 374
1071 316 1142 371 1299
1161 315 1221 385 [vor
1238 314 1306 372 duni
1324 315 1379 386 201.

393 513 499 580 modis
522 511 672 594 adiectis,
703 515 790 594 quod
819 531 880 579 neo
909 511 981 596 ipse
1005 513 1234 596 Culemauuus,
1267 533 1327 580 uec
1350 513 1469 596 ahquis
1498 512 1628 579 uomiue
1651 532 1721 595 suo,
1750 532 1904 595 umquam
1927 512 2051 596 viuum,

392 623 571 702 medonem,
602 618 775 687 cervisiam
804 620 857 686 vel
888 619 1028 701 aliquem
1057 620 1217 702 liquorem
1247 623 1370 688 vendat
1400 627 1568 703 tamquam
1598 619 1633 686 iu
1665 623 1806 686 taberna
1836 619 1871 686 iu
1898 624 1993 687 domo
2017 629 2054 688 et

393 726 485 793 curia
515 726 725 810 supradictis.
771 725 818 792 Et
848 726 877 792 si
906 724 993 793 forte
1021 733 1203 794 memorata
1230 729 1343 793 domus
1373 725 1407 793 iu
1438 725 1549 807 aliqua
1580 732 1675 808 parte
1706 733 1885 809 appareret
1914 727 2053 794 ruinosa

392 833 445 900 vel
468 833 596 900 ruinam
618 832 691 899 fieri
714 831 930 916 contingeret,
954 831 1027 916 ipse
1044 833 1263 900 Oulemanuus
1287 835 1326 900 de
1350 831 1445 914 scitu,
1471 832 1643 900 voluntate
1660 839 1694 899 et
1710 851 1870 900 consensu
1886 886 1892 898 .
1908 885 1915 899 .
1933 834 2053 900 decani

392 946 427 1006 et
445 993 451 1006 .
471 991 478 1006 .
497 939 636 1022 capituli
665 937 887 1021 predictorum
917 945 1109 1007 construere
1133 942 1232 1006 debet
1255 945 1289 1006 et
1312 938 1465 1006 edificare
1489 946 1523 1006 et
1547 959 1699 1022 expense,
1724 939 1843 1021 quein
1866 939 2052 1007 huiusmodi

393 1046 600 1114 edificatione
624 1053 658 1112 et
681 1045 926 1113 constructione
943 1046 1150 1129 proveniunt,
1176 1046 1210 1112 iu
1235 1065 1335 1112 ceusu
1351 1045 1542 1129 supradicto
1560 1048 1722 1112 debentur
1738 1045 1841 1113 eidem
1858 1047 1894 1112 O.
1912 1046 2051 1131 siugulis

393 1153 488 1219 anuis
512 1149 683 1234 defalcari,
707 1159 847 1235 excepta
870 1151 1004 1219 dimidia
1026 1172 1149 1236 marca,
1175 1173 1237 1235 que
1261 1156 1301 1218 de
1318 1151 1439 1218 eisdem
1455 1152 1547 1218 curia
1563 1159 1597 1218 et
1613 1155 1707 1220 domo
1724 1152 1862 1238 siugulis
1878 1153 1975 1220 aunis
1991 1175 2050 1236 pro

393 1258 570 1342 presentiis
594 1258 731 1326 ecclesie
755 1258 912 1341 predicte,
937 1258 1091 1327 videlicet
1114 1259 1148 1326 iu
1172 1259 1223 1326 die
1246 1259 1337 1326 beati
1353 1259 1512 1326 Authouii
1534 1257 1621 1326 ferto
1641 1259 1849 1327 denariorum
1871 1260 1994 1328 levium
2017 1267 2051 1327 et

391 1366 426 1432 iu
442 1367 495 1434 die
511 1365 734 1433 conversionis
749 1365 841 1432 beati
852 1365 946 1431 Pauli
961 1362 1048 1432 ferto
1065 1365 1273 1432 denariorum
1288 1364 1419 1447 levium,
1437 1364 1579 1448 dabitur,
1597 1385 1662 1432 nou
1679 1366 1888 1432 obstantibus
1900 1367 2006 1434 modis
2018 1375 2050 1433 et

393 1472 637 1539 condicionibus
652 1471 863 1555 supradictis.
888 1472 928 1539 In
940 1471 1014 1538 aliis
1026 1492 1104 1540 vero
1118 1471 1263 1553 edificiis,
1278 1477 1392 1554 utpote
1405 1470 1512 1554 tectis,
1527 1471 1645 1554 stupis,
1660 1471 1833 1554 scampuis,
1848 1493 2049 1556 quocumque

391 1579 520 1646 nomine
550 1586 757 1660 censeantur,
789 1597 847 1660 pro
881 1581 1047 1645 commodo
1079 1597 1139 1644 suo
1172 1577 1367 1660 reparandis
1400 1583 1434 1644 at
1466 1578 1666 1662 edificandis,
1700 1579 1867 1646 edificabit
1898 1601 1957 1662 pro
1990 1600 2049 1646 sua

392 1686 564 1754 voluntate
587 1684 740 1768 expensis
764 1683 831 1751 suis
855 1691 890 1750 et
912 1684 1014 1750 nichil
1036 1686 1077 1751 ob
1100 1686 1163 1752 hoc
1186 1683 1409 1751 defalcabitur
1432 1687 1472 1751 de
1495 1703 1595 1752 ceusu
1618 1692 1808 1752 memorato.
1856 1685 1903 1752 Et
1926 1686 1954 1753 si
1977 1685 2047 1769 ipse

393 1792 612 1858 Oulemauuus
635 1794 676 1857 de
699 1790 834 1858 consilio
860 1797 893 1857 et
916 1792 1088 1858 voluntate
1113 1790 1317 1873 prefatorum
1335 1843 1341 1856 .
1362 1843 1368 1860 .
1386 1791 1503 1858 decani
1526 1799 1559 1858 et
1577 1845 1582 1856 .
1603 1842 1610 1856 .
1629 1791 1765 1874 capituli
1789 1791 1899 1874 ahqua
1922 1793 2049 1860 edificia

387 1897 581 1982 =necessaria
610 1917 650 1964 ex
680 1897 799 1964 timore
828 1896 922 1964 ruiue
952 1900 1076 1980 domus,
1109 1897 1163 1964 vel
1191 1897 1225 1964 iu
1255 1897 1366 1980 aliqua
1390 1904 1486 1982 parte
1510 1897 1743 1982 provenientia
1766 1897 1893 1981 fecerit,
1919 1907 1951 1965 et
1977 1919 2048 1965 eum

393 2012 472 2071 aute
504 2002 758 2071 defalcatiouem
789 2002 973 2070 huiusmodi
1005 2023 1222 2087 expensarum
1257 2007 1298 2070 de
1330 2024 1430 2071 ceusu
1465 2004 1613 2088 predicto
1648 2005 1805 2072 decedere
1838 2005 2046 2090 contingerit.

391 2110 487 2179 iuxta
520 2111 760 2178 estimationem
791 2110 977 2178 huiusmodi
1010 2129 1228 2194 expensarum
1259 2131 1319 2194 per
1342 2163 1348 2178 .
1369 2163 1375 2176 .
1398 2114 1557 2178 decanum
1588 2119 1622 2178 et
1639 2163 1645 2178 .
1665 2164 1671 2178 .
1691 2111 1870 2195 capitulum
1900 2111 2048 2196 prefatos

393 2216 607 2300 deputabitur
638 2236 768 2286 annuus
798 2237 915 2284 census
946 2219 986 2286 de
1016 2217 1110 2283 curia
1139 2223 1173 2284 et
1203 2220 1296 2284 domo
1328 2216 1498 2302 sepefatis,
1530 2217 1586 2301 qui
1608 2219 1742 2286 dabitur
1765 2217 1799 2284 iu
1822 2219 2047 2290 anniversario

391 2323 495 2408 ipsius
514 2324 705 2392 Culemanui
727 2332 762 2390 et
777 2323 957 2405 Edeliudis,
981 2323 1093 2390 uxoris
1117 2343 1185 2406 sue,
1210 2344 1269 2407 pro
1293 2324 1435 2392 remedio
1452 2324 1635 2392 animarum
1651 2343 1784 2391 suarum
1800 2345 1859 2408 pro
1876 2327 2048 2409 presentiis

394 2429 531 2515 siugulis
562 2431 675 2512 anuis;
706 2429 771 2496 uisi
798 2429 870 2513 ipse
894 2430 1113 2496 Culemauuus
1138 2433 1180 2496 ad
1204 2437 1332 2497 tautam
1354 2430 1499 2514 inopiam
1522 2430 1711 2514 perveniret
1734 2439 1769 2498 et
1791 2430 1878 2499 foret
1902 2432 2048 2516 pluribus

393 2536 515 2603 debitis
530 2544 719 2620 occupatus,
734 2544 812 2604 tuuc
828 2540 870 2603 ad
887 2535 1131 2603 estimaciouem
1148 2536 1412 2605 melioraciouum
1429 2538 1469 2604 de
1484 2537 1668 2604 huiusmodi
1683 2537 1776 2604 curia
1791 2546 1825 2604 et
1841 2539 1934 2606 domo
1947 2539 2048 2622 ipsius

395 2645 429 2710 C.
449 2644 562 2710 debita
584 2644 827 2727 persolvantur.
874 2644 914 2709 Iu
932 2641 1030 2710 huius
1049 2643 1098 2710 rei
1119 2643 1252 2711 evidens
1269 2643 1491 2711 testimouium
1511 2664 1571 2711 uos
1587 2645 1621 2711 C.
1640 2645 1801 2711 scultetus
1821 2652 1855 2711 et
1873 2697 1879 2710 .
1899 2697 1905 2710 .
1924 2645 2049 2713 scabini

393 2748 534 2831 predicti
557 2752 601 2816 ad
624 2757 776 2833 rogatum
800 2748 956 2832 prelibati
971 2749 1164 2816 (lulemauui
1186 2749 1328 2834 sigillum
1351 2749 1581 2817 universitatis
1605 2757 1717 2817 uostre
1734 2751 1943 2834 presentibus
1959 2751 2048 2818 duxi-

393 2875 465 2922 mus
488 2858 747 2939 appeudendum.
787 2856 911 2922 Datum
934 2863 969 2922 et
988 2863 1098 2924 actum
1115 2875 1200 2922 anuo
1217 2857 1338 2923 domini
1353 2877 1393 2923 m.
1408 2851 1450 2923 c'c.
1465 2855 1676 2940 nonagesimo
1693 2876 1787 2940 nouo,
1801 2838 1858 2924 v⁰1.
1872 2858 1948 2928 idus
1963 2858 2045 2924 maii.

608 2997 654 3053 Or.
668 2997 757 3068 Perat.
794 2998 857 3052 Dua
874 2997 1036 3069 Stadter'eqel
1044 3001 1087 3064 (2)
1106 2999 1193 3070 dduqt
1211 2999 1253 3054 ab.
1291 3001 1330 3053 St.
1345 2999 1379 3054 A.
1395 2999 1445 3054 Fr.
1460 3001 1558 3056 Barth.
1572 3003 1611 3054 St
1626 3001 1680 3057 No.
1696 3003 1754 3056 764.

607 3087 707 3142 deda:
725 3087 769 3156 B,
788 3090 841 3142 326
859 3088 930 3141 aad
948 3087 1007 3141 dua
1029 3087 1102 3141 Or..

393 3349 484 3425 748.
511 3357 674 3422 Geucaute
697 3356 907 3438 Erebischb‘fe
934 3357 1002 3420 und
1024 3355 1180 3439 Biscbiise
1207 3357 1359 3421 corleum
1382 3357 1442 3421 dea
1465 3355 1648 3422 Besuclrem
1672 3357 1738 3421 rand
1760 3357 1972 3424 Wohltlrdtem
1994 3358 2049 3422 der

508 3464 629 3529 Kirclre
651 3465 707 3529 des
729 3464 878 3548 Heiliqen
901 3463 1167 3529 Bartholomaeus
1191 3468 1279 3529 einen
1301 3467 1549 3548 obraiqtdqiqen
1572 3463 1702 3528 Abloss.
1749 3463 1842 3544 Roas,
1868 3471 1954 3529 1299
1978 3466 2049 3549 [ror

508 3572 592 3638 June·
614 3570 686 3654 20J.

500 3711 714 3785 iUuiversisi
745 3719 861 3778 sancte
891 3711 1007 3778 matris
1037 3711 1174 3779 ecclesie
1204 3710 1289 3792 dhis,
1315 3714 1357 3777 ad
1388 3730 1469 3793 quos
1499 3719 1670 3794 presentes
1692 3711 1803 3779 littere
1827 3711 2047 3794 pervenerint,

394 3840 453 3886 uos
472 3819 687 3887 miseracione
708 3817 821 3886 diviua
835 3817 1009 3900 Esuriens,
1027 3817 1202 3885 Jadrensis
1223 3817 1500 3900 archiepiscopus,
1514 3818 1656 3884 'ihomas
1674 3819 1881 3902 Coroneusis,
1898 3819 2048 3885 Matheus

394 3927 572 4008 castamis,
598 3925 760 4009 Georgius
787 3925 1011 4008 Sardeneusis,
1036 3925 1235 3991 Lambertus
1250 3924 1274 3998 ll
1288 3923 1478 4006 AquinatiS,
1503 3925 1650 3992 Jacobus
1666 3924 1871 4008 Calcedouie,
1896 3925 2048 3992 Nicolaus

393 4033 651 4115 Turribuleusis,
675 4031 842 4099 Antonius
864 4033 1078 4114 Feretrauus,
1103 4031 1278 4098 ldoualdus
1302 4029 1457 4097 Civitatis
1481 4031 1670 4114 Castellaui,
1695 4031 1843 4116 Angelus
1858 4031 2047 4115 Nepetiuus‚

394 4143 547 4207 Andreas
570 4137 879 4222 Venefretaueusis,
918 4137 1101 4206 Rodericus
1131 4137 1373 4220 Mindonensis,
1407 4137 1594 4220 Stephanus
1625 4137 1865 4220 Daruaeeusis,
1896 4140 2048 4221 Pagauns

393 4246 610 4328 Limonensis,
628 4244 653 4318 ll
667 4253 701 4312 et
715 4247 853 4312 Maurus
868 4244 1067 4327 Amilieusis,
1085 4243 1241 4327 episcopi,
1257 4243 1395 4310 salutem
1411 4243 1447 4310 iu
1462 4243 1590 4311 domiuo
1607 4244 1850 4328 sempiternam.
1880 4244 2049 4312 Gloriosus

394 4356 474 4420 deus
496 4353 531 4419 iu
554 4351 680 4419 sanctis
704 4351 772 4418 suis
796 4359 830 4418 et
851 4352 886 4418 iu
910 4352 1085 4418 maiestate
1108 4350 1279 4432 mirabilis
1305 4349 1397 4416 cuius
1415 4349 1589 4416 ineffabilis
1605 4351 1744 4418 altitudo
1761 4351 1936 4435 prudencie
1951 4350 2049 4418 uultis

392 4460 521 4526 inclusa
548 4458 716 4540 limitibus,
745 4457 843 4524 uullis
874 4457 1023 4524 terminis
1053 4458 1297 4540 comprehensa,
1318 4456 1343 4530 ll
1359 4456 1444 4523 recti
1467 4475 1607 4524 censura
1629 4456 1743 4523 iudicii
1766 4457 1902 4524 celestia
1925 4457 2050 4540 pariter

394 4574 427 4633 et
451 4574 585 4633 terrena
608 4564 761 4649 disponit,
787 4572 822 4632 et
844 4565 874 4631 si
896 4572 1032 4631 cunctos
1056 4563 1126 4631 eius
1149 4563 1318 4631 ministros
1341 4562 1539 4646 magnificet,
1564 4562 1642 4630 altis
1666 4565 1799 4630 decoret
1822 4563 2001 4631 honoribus
2017 4571 2050 4629 et

394 4672 525 4739 celestis
541 4672 660 4738 efficiat
674 4671 889 4738 beatitudiuis
906 4690 1128 4754 possessores;
1149 4669 1224 4737 illos
1240 4675 1361 4750 tamen,
1379 4667 1523 4752 indiguis
1539 4667 1641 4753 digua
1656 4672 1847 4751 rependeat,
1865 4668 2050 4752 potioribus

393 4780 519 4846 attollit
554 4779 706 4863 insigniis
742 4777 942 4862 dignitatum
975 4797 1014 4844 ac
1046 4777 1245 4860 premiorum
1277 4775 1421 4843 uberiori
1453 4774 1676 4842 retribucione
1709 4775 1934 4858 prosequitur,
1967 4793 2050 4857 quos

393 4885 559 4969 digniores
589 4885 741 4969 agnoscit
771 4891 805 4950 et
836 4888 1041 4951 commendat
1071 4882 1241 4968 ingencior
1264 4881 1465 4949 excellencia
1488 4881 1688 4949 meritorum.
1736 4882 1915 4964 Cupientes
1935 4881 2049 4965 igitur,

393 5001 430 5059 ut
460 4991 600 5059 ecclesia
629 4991 737 5058 sancti
760 4991 995 5075 Bartholomey
1017 4987 1343 5058 Fraukeufurdeusis
1374 4987 1529 5072 congruis
1559 4989 1738 5056 honoribus
1765 4986 1994 5070 frequentetur
2018 4995 2051 5053 et

393 5121 415 5166 a
437 5099 566 5166 cunctis
590 5098 716 5166 Christi
740 5097 890 5164 fidelibus
918 5097 1041 5181 iugiter
1071 5103 1264 5164 veneretur:
1298 5095 1447 5163 omuibus
1470 5115 1548 5162 vere
1572 5094 1796 5176 penitentibus
1820 5103 1855 5161 et
1878 5092 2049 5173 confessis,

394 5208 449 5289 qui
479 5209 521 5273 ad
552 5205 734 5288 predictam
765 5205 939 5271 ecclesiam
969 5202 1122 5271 infestis
1147 5201 1355 5286 subscriptis,
1380 5201 1550 5271 videlicet:
1576 5200 1764 5270 nativitatis
1787 5201 1917 5284 domiui,
1939 5219 2052 5268 resur·

392 5312 562 5394 recciouis,
588 5311 791 5379 ascensionis
819 5318 853 5377 et
876 5316 1095 5393 pentecostae,
1119 5309 1154 5376 iu
1177 5308 1318 5393 siugulis
1341 5307 1582 5376 festivitatibus
1606 5308 1746 5392 gloriose
1769 5307 1910 5392 virginis
1930 5307 2049 5386 Maris,

392 5422 427 5488 iu
456 5418 635 5487 nativitate
664 5418 756 5485 beati
786 5416 949 5484 Joheunis
980 5416 1135 5500 baptiste,
1166 5415 1200 5483 iu
1231 5414 1327 5482 festis
1358 5418 1530 5482 beatorum
1552 5414 1654 5497 Petri,
1677 5415 1782 5498 Pauli,
1806 5413 2050 5497 Bartholomev,

393 5534 428 5595 et
457 5526 600 5593 omnium
630 5525 767 5592 aliorum
794 5525 1017 5606 apostolorum
1041 5530 1076 5589 et
1100 5523 1135 5589 iu
1158 5521 1370 5589 dedicatione
1393 5521 1500 5604 ipsius
1522 5521 1661 5588 ecclesie
1684 5529 1718 5587 et
1741 5521 1775 5588 in
1798 5519 1886 5588 festo
1909 5519 2053 5586 omnium

393 5639 582 5700 sanctorum
605 5638 706 5713 atque
727 5630 762 5697 iu
785 5629 871 5697 festo
895 5629 1005 5696 sancti
1019 5629 1158 5713 Nicolay
1182 5635 1216 5696 et
1239 5648 1298 5712 per
1322 5635 1459 5696 octavas
1476 5629 1697 5710 predictarum
1713 5625 1930 5695 festivitatum
1947 5645 2054 5692 causa

394 5737 583 5807 devocionis
613 5757 671 5804 seu
698 5735 978 5820 peregrinaciouis
1002 5734 1204 5804 accesserint
1228 5741 1262 5802 et
1284 5733 1404 5801 ibidem
1428 5733 1571 5802 divinum
1595 5731 1733 5800 officium
1756 5731 1790 5798 iu
1814 5731 1931 5800 eisdem
1947 5729 2054 5800 ¹festi-

2176 5963 2189 6340 ι
