<?xml version="1.0" encoding="UTF-8"?>
<!DOCTYPE html PUBLIC "-//W3C//DTD XHTML 1.0 Transitional//EN"
    "http://www.w3.org/TR/xhtml1/DTD/xhtml1-transitional.dtd">
<html xmlns="http://www.w3.org/1999/xhtml" xml:lang="en" lang="en">
 <head>
  <title>
</title>
<meta http-equiv="Content-Type" content="text/html;charset=utf-8" />
  <meta name='ocr-system' content='tesseract 3.04.00' />
  <meta name='ocr-capabilities' content='ocr_page ocr_carea ocr_par ocr_line ocrx_word'/>
</head>
<body>
  <div class='ocr_page' id='page_1' title='image "./codexdiplomatic00nathgoog_0221.png"; bbox 0 0 4400 6384; ppageno 0'>
   <div class='ocr_carea' id='block_1_1' title="bbox 890 312 1842 381">
    <p class='ocr_par' dir='ltr' id='par_1_1' title="bbox 890 312 1842 381">
     <span class='ocr_line' id='line_1_1' title="bbox 890 312 1842 381; baseline -0.002 -15"><span class='ocrx_word' id='word_1_1' title='bbox 890 313 958 367; x_wconf 82' lang='lat'>1280</span> <span class='ocrx_word' id='word_1_2' title='bbox 976 312 1098 367; x_wconf 77' lang='lat' dir='ltr'>Februar</span> <span class='ocrx_word' id='word_1_3' title='bbox 1117 314 1141 365; x_wconf 90' lang='lat'>8.</span> <span class='ocrx_word' id='word_1_4' title='bbox 1778 316 1842 381; x_wconf 80' lang='lat'>205</span> 
     </span>
    </p>
   </div>
   <div class='ocr_carea' id='block_1_2' title="bbox 184 507 1846 1876">
    <p class='ocr_par' dir='ltr' id='par_1_2' title="bbox 184 507 1846 1876">
     <span class='ocr_line' id='line_1_2' title="bbox 184 507 1843 595; baseline -0.004 -13"><span class='ocrx_word' id='word_1_5' title='bbox 184 522 323 582; x_wconf 90' lang='lat' dir='ltr'>mortem</span> <span class='ocrx_word' id='word_1_6' title='bbox 353 532 458 580; x_wconf 88' lang='lat' dir='ltr'>meam</span> <span class='ocrx_word' id='word_1_7' title='bbox 488 514 531 579; x_wconf 91' lang='lat' dir='ltr'>ad</span> <span class='ocrx_word' id='word_1_8' title='bbox 554 509 762 595; x_wconf 84' lang='lat' dir='ltr'>Hadewigim</span> <span class='ocrx_word' id='word_1_9' title='bbox 789 509 889 577; x_wconf 84' lang='lat' dir='ltr'>filiam</span> <span class='ocrx_word' id='word_1_10' title='bbox 912 528 1025 591; x_wconf 88' lang='lat' dir='ltr'>meam,</span> <span class='ocrx_word' id='word_1_11' title='bbox 1054 508 1227 575; x_wconf 80' lang='lat' dir='ltr'><strong>monialem</strong></span> <span class='ocrx_word' id='word_1_12' title='bbox 1250 507 1393 575; x_wconf 89' lang='lat' dir='ltr'>eiusdem</span> <span class='ocrx_word' id='word_1_13' title='bbox 1417 508 1551 590; x_wconf 88' lang='lat' dir='ltr'>ordinis,</span> <span class='ocrx_word' id='word_1_14' title='bbox 1575 509 1759 591; x_wconf 89' lang='lat' dir='ltr'>ubicunque</span> <span class='ocrx_word' id='word_1_15' title='bbox 1783 530 1843 592; x_wconf 92' lang='lat' dir='ltr'>pro</span> 
     </span>
     <span class='ocr_line' id='line_1_3' title="bbox 186 615 1843 704; baseline -0.003 -16"><span class='ocrx_word' id='word_1_16' title='bbox 186 628 332 704; x_wconf 87' lang='lat' dir='ltr'>ternpore</span> <span class='ocrx_word' id='word_1_17' title='bbox 363 618 531 701; x_wconf 81' lang='lat' dir='ltr'>manserit,</span> <span class='ocrx_word' id='word_1_18' title='bbox 556 617 626 684; x_wconf 90' lang='lat' dir='ltr'>sine</span> <span class='ocrx_word' id='word_1_19' title='bbox 657 617 743 683; x_wconf 89' lang='lat' dir='ltr'>omni</span> <span class='ocrx_word' id='word_1_20' title='bbox 774 615 1033 684; x_wconf 79' lang='lat' dir='ltr'>contradictione</span> <span class='ocrx_word' id='word_1_21' title='bbox 1064 615 1292 697; x_wconf 77' lang='lat' dir='ltr'>devolvantur,</span> <span class='ocrx_word' id='word_1_22' title='bbox 1325 635 1406 697; x_wconf 91' lang='lat' dir='ltr'>quos</span> <span class='ocrx_word' id='word_1_23' title='bbox 1436 615 1511 697; x_wconf 90' lang='lat' dir='ltr'>ipsa</span> <span class='ocrx_word' id='word_1_24' title='bbox 1540 615 1693 697; x_wconf 89' lang='lat' dir='ltr'>quamdiu</span> <span class='ocrx_word' id='word_1_25' title='bbox 1724 616 1843 684; x_wconf 86' lang='lat' dir='ltr'>vixerit</span> 
     </span>
     <span class='ocr_line' id='line_1_4' title="bbox 186 722 1844 811; baseline -0.004 -15"><span class='ocrx_word' id='word_1_26' title='bbox 186 749 245 811; x_wconf 92' lang='lat' dir='ltr'>pro</span> <span class='ocrx_word' id='word_1_27' title='bbox 279 727 347 794; x_wconf 90' lang='lat' dir='ltr'>suis</span> <span class='ocrx_word' id='word_1_28' title='bbox 379 724 635 793; x_wconf 89' lang='lat' dir='ltr'>necessitatibus</span> <span class='ocrx_word' id='word_1_29' title='bbox 668 724 827 807; x_wconf 84' lang='lat' dir='ltr'>percipiet</span> <span class='ocrx_word' id='word_1_30' title='bbox 858 730 891 789; x_wconf 93' lang='lat' dir='ltr'>et</span> <span class='ocrx_word' id='word_1_31' title='bbox 921 723 954 789; x_wconf 91' lang='lat' dir='ltr'>in</span> <span class='ocrx_word' id='word_1_32' title='bbox 985 742 1055 789; x_wconf 91' lang='lat' dir='ltr'>meo</span> <span class='ocrx_word' id='word_1_33' title='bbox 1087 722 1314 789; x_wconf 85' lang='lat' dir='ltr'>anniversario</span> <span class='ocrx_word' id='word_1_34' title='bbox 1345 722 1482 806; x_wconf 87' lang='lat' dir='ltr'>singulis</span> <span class='ocrx_word' id='word_1_35' title='bbox 1513 722 1608 789; x_wconf 91' lang='lat' dir='ltr'>annis</span> <span class='ocrx_word' id='word_1_36' title='bbox 1638 742 1695 789; x_wconf 84' lang='lat' dir='ltr'>sex</span> <span class='ocrx_word' id='word_1_37' title='bbox 1723 725 1844 790; x_wconf 92' lang='lat' dir='ltr'>solidos</span> 
     </span>
     <span class='ocr_line' id='line_1_5' title="bbox 187 829 1844 914; baseline -0.002 -12"><span class='ocrx_word' id='word_1_38' title='bbox 187 835 392 903; x_wconf 75' lang='lat' dir='ltr'>l&#39;olonienses</span> <span class='ocrx_word' id='word_1_39' title='bbox 416 836 459 900; x_wconf 90' lang='lat' dir='ltr'>ad</span> <span class='ocrx_word' id='word_1_40' title='bbox 481 834 666 899; x_wconf 83' lang='lat' dir='ltr'>habendam</span> <span class='ocrx_word' id='word_1_41' title='bbox 690 830 949 897; x_wconf 90' lang='lat' dir='ltr'>consolacionem</span> <span class='ocrx_word' id='word_1_42' title='bbox 974 830 1150 898; x_wconf 91' lang='lat' dir='ltr'>conventui</span> <span class='ocrx_word' id='word_1_43' title='bbox 1168 830 1224 895; x_wconf 93' lang='lat' dir='ltr'>ubi</span> <span class='ocrx_word' id='word_1_44' title='bbox 1240 830 1398 897; x_wconf 84' lang='lat' dir='ltr'>manserit</span> <span class='ocrx_word' id='word_1_45' title='bbox 1414 829 1623 896; x_wconf 86' lang='lat' dir='ltr'>ministrabit.</span> <span class='ocrx_word' id='word_1_46' title='bbox 1666 832 1844 914; x_wconf 88' lang='lat' dir='ltr'>Postquam</span> 
     </span>
     <span class='ocr_line' id='line_1_6' title="bbox 186 936 1843 1023; baseline -0.003 -14"><span class='ocrx_word' id='word_1_47' title='bbox 186 962 265 1010; x_wconf 89' lang='lat' dir='ltr'>vero</span> <span class='ocrx_word' id='word_1_48' title='bbox 301 942 391 1007; x_wconf 91' lang='lat' dir='ltr'>dicta</span> <span class='ocrx_word' id='word_1_49' title='bbox 420 938 613 1023; x_wconf 87' lang='lat' dir='ltr'>Hadewigis</span> <span class='ocrx_word' id='word_1_50' title='bbox 643 938 731 1005; x_wconf 89' lang='lat' dir='ltr'>viam</span> <span class='ocrx_word' id='word_1_51' title='bbox 761 937 914 1005; x_wconf 90' lang='lat' dir='ltr'>universe</span> <span class='ocrx_word' id='word_1_52' title='bbox 945 936 1053 1004; x_wconf 89' lang='lat' dir='ltr'>carnis</span> <span class='ocrx_word' id='word_1_53' title='bbox 1085 937 1237 1022; x_wconf 87' lang='lat' dir='ltr'>ingressa</span> <span class='ocrx_word' id='word_1_54' title='bbox 1267 936 1377 1019; x_wconf 87' lang='lat' dir='ltr'>luerit,</span> <span class='ocrx_word' id='word_1_55' title='bbox 1411 937 1570 1020; x_wconf 88' lang='lat' dir='ltr'>priorissa</span> <span class='ocrx_word' id='word_1_56' title='bbox 1600 944 1634 1004; x_wconf 89' lang='lat' dir='ltr'>et</span> <span class='ocrx_word' id='word_1_57' title='bbox 1663 946 1843 1006; x_wconf 86' lang='lat' dir='ltr'>conventus</span> 
     </span>
     <span class='ocr_line' id='line_1_7' title="bbox 188 1042 1844 1132; baseline -0.004 -16"><span class='ocrx_word' id='word_1_58' title='bbox 188 1048 433 1132; x_wconf 84' lang='lat' dir='ltr'>prenominatos</span> <span class='ocrx_word' id='word_1_59' title='bbox 464 1046 613 1113; x_wconf 89' lang='lat' dir='ltr'>redditus</span> <span class='ocrx_word' id='word_1_60' title='bbox 636 1044 845 1129; x_wconf 83' lang='lat' dir='ltr'>integraliter</span> <span class='ocrx_word' id='word_1_61' title='bbox 869 1043 1053 1127; x_wconf 88' lang='lat' dir='ltr'>percipient</span> <span class='ocrx_word' id='word_1_62' title='bbox 1076 1052 1110 1110; x_wconf 93' lang='lat' dir='ltr'>et</span> <span class='ocrx_word' id='word_1_63' title='bbox 1131 1043 1165 1109; x_wconf 90' lang='lat' dir='ltr'>in</span> <span class='ocrx_word' id='word_1_64' title='bbox 1190 1050 1332 1125; x_wconf 90' lang='lat' dir='ltr'>quatuor</span> <span class='ocrx_word' id='word_1_65' title='bbox 1355 1043 1507 1109; x_wconf 90' lang='lat' dir='ltr'>secundis</span> <span class='ocrx_word' id='word_1_66' title='bbox 1531 1042 1624 1109; x_wconf 82' lang='lat' dir='ltr'>feriis</span> <span class='ocrx_word' id='word_1_67' title='bbox 1648 1051 1723 1125; x_wconf 86' lang='lat' dir='ltr'>post</span> <span class='ocrx_word' id='word_1_68' title='bbox 1746 1046 1844 1111; x_wconf 89' lang='lat' dir='ltr'>ebdo-</span> 
     </span>
     <span class='ocr_line' id='line_1_8' title="bbox 187 1147 1845 1237; baseline -0.004 -14"><span class='ocrx_word' id='word_1_69' title='bbox 187 1160 301 1223; x_wconf 88' lang='lat' dir='ltr'>madas</span> <span class='ocrx_word' id='word_1_70' title='bbox 332 1162 474 1237; x_wconf 92' lang='lat' dir='ltr'>quatuor</span> <span class='ocrx_word' id='word_1_71' title='bbox 504 1160 687 1236; x_wconf 81' lang='lat' dir='ltr'>temporum</span> <span class='ocrx_word' id='word_1_72' title='bbox 710 1151 867 1235; x_wconf 85' lang='lat' dir='ltr'>proximis</span> <span class='ocrx_word' id='word_1_73' title='bbox 896 1149 1156 1217; x_wconf 88' lang='lat' dir='ltr'>consolacionem</span> <span class='ocrx_word' id='word_1_74' title='bbox 1180 1154 1220 1215; x_wconf 89' lang='lat' dir='ltr'>de</span> <span class='ocrx_word' id='word_1_75' title='bbox 1243 1149 1377 1216; x_wconf 87' lang='lat' dir='ltr'>dimidia</span> <span class='ocrx_word' id='word_1_76' title='bbox 1400 1170 1514 1216; x_wconf 90' lang='lat' dir='ltr'>marca</span> <span class='ocrx_word' id='word_1_77' title='bbox 1537 1149 1600 1216; x_wconf 90' lang='lat' dir='ltr'>sibi</span> <span class='ocrx_word' id='word_1_78' title='bbox 1623 1147 1748 1217; x_wconf 88' lang='lat' dir='ltr'>lacient</span> <span class='ocrx_word' id='word_1_79' title='bbox 1771 1171 1845 1233; x_wconf 89' lang='lat' dir='ltr'>per-</span> 
     </span>
     <span class='ocr_line' id='line_1_9' title="bbox 187 1257 1844 1347; baseline -0.004 -18"><span class='ocrx_word' id='word_1_80' title='bbox 187 1270 286 1347; x_wconf 91' lang='lat' dir='ltr'>petuo</span> <span class='ocrx_word' id='word_1_81' title='bbox 309 1262 344 1328; x_wconf 90' lang='lat' dir='ltr'>in</span> <span class='ocrx_word' id='word_1_82' title='bbox 367 1280 436 1328; x_wconf 89' lang='lat' dir='ltr'>mee</span> <span class='ocrx_word' id='word_1_83' title='bbox 462 1259 568 1327; x_wconf 90' lang='lat' dir='ltr'>anime</span> <span class='ocrx_word' id='word_1_84' title='bbox 592 1267 625 1326; x_wconf 91' lang='lat' dir='ltr'>et</span> <span class='ocrx_word' id='word_1_85' title='bbox 650 1266 823 1342; x_wconf 90' lang='lat' dir='ltr'>parentum</span> <span class='ocrx_word' id='word_1_86' title='bbox 846 1277 990 1324; x_wconf 90' lang='lat' dir='ltr'>meorum</span> <span class='ocrx_word' id='word_1_87' title='bbox 1014 1257 1155 1323; x_wconf 93' lang='lat' dir='ltr'>omnium</span> <span class='ocrx_word' id='word_1_88' title='bbox 1179 1257 1355 1323; x_wconf 90' lang='lat' dir='ltr'>remedium</span> <span class='ocrx_word' id='word_1_89' title='bbox 1379 1264 1413 1323; x_wconf 90' lang='lat' dir='ltr'>et</span> <span class='ocrx_word' id='word_1_90' title='bbox 1436 1257 1585 1323; x_wconf 89' lang='lat' dir='ltr'>salntem.</span> <span class='ocrx_word' id='word_1_91' title='bbox 1633 1257 1679 1322; x_wconf 84' lang='lat' dir='ltr'>Et</span> <span class='ocrx_word' id='word_1_92' title='bbox 1702 1257 1732 1323; x_wconf 93' lang='lat' dir='ltr'>si</span> <span class='ocrx_word' id='word_1_93' title='bbox 1750 1277 1844 1324; x_wconf 90' lang='lat' dir='ltr'>secus</span> 
     </span>
     <span class='ocr_line' id='line_1_10' title="bbox 187 1363 1844 1450; baseline -0.004 -14"><span class='ocrx_word' id='word_1_94' title='bbox 187 1370 312 1437; x_wconf 90' lang='lat' dir='ltr'>lactum</span> <span class='ocrx_word' id='word_1_95' title='bbox 335 1366 446 1449; x_wconf 86' lang='lat' dir='ltr'>inerit,</span> <span class='ocrx_word' id='word_1_96' title='bbox 472 1366 692 1450; x_wconf 88' lang='lat' dir='ltr'>prenominati</span> <span class='ocrx_word' id='word_1_97' title='bbox 715 1365 861 1432; x_wconf 89' lang='lat' dir='ltr'>redditus</span> <span class='ocrx_word' id='word_1_98' title='bbox 886 1368 926 1431; x_wconf 91' lang='lat' dir='ltr'>ad</span> <span class='ocrx_word' id='word_1_99' title='bbox 947 1367 1075 1430; x_wconf 87' lang='lat' dir='ltr'>domurn</span> <span class='ocrx_word' id='word_1_100' title='bbox 1093 1364 1201 1430; x_wconf 88' lang='lat' dir='ltr'>sancti</span> <span class='ocrx_word' id='word_1_101' title='bbox 1216 1363 1375 1429; x_wconf 85' lang='lat' dir='ltr'>Antlronii</span> <span class='ocrx_word' id='word_1_102' title='bbox 1391 1363 1424 1429; x_wconf 92' lang='lat' dir='ltr'>in</span> <span class='ocrx_word' id='word_1_103' title='bbox 1440 1365 1675 1431; x_wconf 85' lang='lat' dir='ltr'>Frankenvort</span> <span class='ocrx_word' id='word_1_104' title='bbox 1692 1372 1844 1431; x_wconf 89' lang='lat' dir='ltr'>cessante</span> 
     </span>
     <span class='ocr_line' id='line_1_11' title="bbox 187 1469 1845 1556; baseline -0.005 -13"><span class='ocrx_word' id='word_1_105' title='bbox 187 1476 273 1543; x_wconf 73' lang='lat' dir='ltr'>(omni</span> <span class='ocrx_word' id='word_1_106' title='bbox 297 1474 557 1543; x_wconf 85' lang='lat' dir='ltr'>contradictione</span> <span class='ocrx_word' id='word_1_107' title='bbox 582 1493 654 1539; x_wconf 90' lang='lat' dir='ltr'>cum</span> <span class='ocrx_word' id='word_1_108' title='bbox 678 1472 871 1556; x_wconf 87' lang='lat' dir='ltr'>integritate</span> <span class='ocrx_word' id='word_1_109' title='bbox 895 1471 1042 1553; x_wconf 89' lang='lat' dir='ltr'>qualibet</span> <span class='ocrx_word' id='word_1_110' title='bbox 1066 1470 1290 1538; x_wconf 88' lang='lat' dir='ltr'>devolventur.</span> <span class='ocrx_word' id='word_1_111' title='bbox 1331 1471 1369 1536; x_wconf 94' lang='lat' dir='ltr'>ln</span> <span class='ocrx_word' id='word_1_112' title='bbox 1395 1469 1486 1536; x_wconf 87' lang='lat' dir='ltr'>cuius</span> <span class='ocrx_word' id='word_1_113' title='bbox 1510 1470 1558 1536; x_wconf 89' lang='lat' dir='ltr'>rei</span> <span class='ocrx_word' id='word_1_114' title='bbox 1574 1470 1795 1537; x_wconf 88' lang='lat' dir='ltr'>testimonium</span> <span class='ocrx_word' id='word_1_115' title='bbox 1811 1478 1845 1536; x_wconf 90' lang='lat' dir='ltr'>et</span> 
     </span>
     <span class='ocr_line' id='line_1_12' title="bbox 186 1576 1846 1665; baseline -0.005 -15"><span class='ocrx_word' id='word_1_116' title='bbox 186 1583 375 1650; x_wconf 89' lang='lat' dir='ltr'>firmitatem</span> <span class='ocrx_word' id='word_1_117' title='bbox 399 1580 540 1665; x_wconf 89' lang='lat' dir='ltr'>sigillum</span> <span class='ocrx_word' id='word_1_118' title='bbox 564 1600 668 1647; x_wconf 91' lang='lat' dir='ltr'>meum</span> <span class='ocrx_word' id='word_1_119' title='bbox 692 1600 758 1645; x_wconf 91' lang='lat' dir='ltr'>una</span> <span class='ocrx_word' id='word_1_120' title='bbox 775 1599 847 1645; x_wconf 90' lang='lat' dir='ltr'>cum</span> <span class='ocrx_word' id='word_1_121' title='bbox 864 1577 980 1662; x_wconf 82' lang='lat' dir='ltr'>sigillis</span> <span class='ocrx_word' id='word_1_122' title='bbox 996 1577 1234 1643; x_wconf 87' lang='lat' dir='ltr'>honorabilium</span> <span class='ocrx_word' id='word_1_123' title='bbox 1251 1576 1396 1644; x_wconf 89' lang='lat' dir='ltr'>virorum</span> <span class='ocrx_word' id='word_1_124' title='bbox 1413 1576 1533 1642; x_wconf 90' lang='lat' dir='ltr'>domini</span> <span class='ocrx_word' id='word_1_125' title='bbox 1548 1577 1697 1643; x_wconf 90' lang='lat' dir='ltr'>Heinrici</span> <span class='ocrx_word' id='word_1_126' title='bbox 1714 1577 1846 1643; x_wconf 87' lang='lat' dir='ltr'>sculteti</span> 
     </span>
     <span class='ocr_line' id='line_1_13' title="bbox 186 1685 1845 1768; baseline -0.003 -12"><span class='ocrx_word' id='word_1_127' title='bbox 186 1699 220 1756; x_wconf 88' lang='lat' dir='ltr'>et</span> <span class='ocrx_word' id='word_1_128' title='bbox 244 1688 364 1755; x_wconf 90' lang='lat' dir='ltr'>civium</span> <span class='ocrx_word' id='word_1_129' title='bbox 379 1689 744 1754; x_wconf 78' lang='lat' dir='ltr'>Frankenvordeasiom</span> <span class='ocrx_word' id='word_1_130' title='bbox 767 1686 975 1768; x_wconf 88' lang='lat' dir='ltr'>presentibus</span> <span class='ocrx_word' id='word_1_131' title='bbox 999 1685 1113 1751; x_wconf 87' lang='lat' dir='ltr'>litteris</span> <span class='ocrx_word' id='word_1_132' title='bbox 1136 1692 1214 1750; x_wconf 91' lang='lat' dir='ltr'>sunt</span> <span class='ocrx_word' id='word_1_133' title='bbox 1238 1704 1394 1765; x_wconf 90' lang='lat' dir='ltr'>appensa.</span> <span class='ocrx_word' id='word_1_134' title='bbox 1436 1688 1555 1750; x_wconf 85' lang='lat' dir='ltr'>Actum</span> <span class='ocrx_word' id='word_1_135' title='bbox 1580 1691 1614 1750; x_wconf 88' lang='lat' dir='ltr'>et</span> <span class='ocrx_word' id='word_1_136' title='bbox 1630 1688 1740 1751; x_wconf 89' lang='lat' dir='ltr'>datum</span> <span class='ocrx_word' id='word_1_137' title='bbox 1759 1705 1845 1751; x_wconf 91' lang='lat' dir='ltr'>anno</span> 
     </span>
     <span class='ocr_line' id='line_1_14' title="bbox 186 1790 1211 1876; baseline -0.006 -14"><span class='ocrx_word' id='word_1_138' title='bbox 186 1796 308 1862; x_wconf 91' lang='lat' dir='ltr'>domini</span> <span class='ocrx_word' id='word_1_139' title='bbox 332 1794 498 1861; x_wconf 91' lang='lat' dir='ltr'>millesimo</span> <span class='ocrx_word' id='word_1_140' title='bbox 524 1814 569 1860; x_wconf 89' lang='lat' dir='ltr'>cc.</span> <span class='ocrx_word' id='word_1_141' title='bbox 591 1794 731 1876; x_wconf 80' lang='lat' dir='ltr'>lxxx,</span> <span class='ocrx_word' id='word_1_142' title='bbox 761 1794 838 1861; x_wconf 86' lang='lat' dir='ltr'>XII.</span> <span class='ocrx_word' id='word_1_143' title='bbox 860 1794 1019 1859; x_wconf 81' lang='lat' dir='ltr'>kalendas</span> <span class='ocrx_word' id='word_1_144' title='bbox 1043 1790 1211 1859; x_wconf 82' lang='lat' dir='ltr'>februarii.</span> 
     </span>
    </p>
   </div>
   <div class='ocr_carea' id='block_1_3' title="bbox 403 1951 1846 2290">
    <p class='ocr_par' dir='ltr' id='par_1_3' title="bbox 405 1951 1846 2111">
     <span class='ocr_line' id='line_1_15' title="bbox 405 1951 1846 2025; baseline -0.001 -17"><span class='ocrx_word' id='word_1_145' title='bbox 405 1956 450 2009; x_wconf 89' lang='lat' dir='ltr'>Or.</span> <span class='ocrx_word' id='word_1_146' title='bbox 464 1954 552 2025; x_wconf 79' lang='lat' dir='ltr'>Ppmt.</span> <span class='ocrx_word' id='word_1_147' title='bbox 590 1954 781 2024; x_wconf 78' lang='lat' dir='ltr'>Anbdnyeud:</span> <span class='ocrx_word' id='word_1_148' title='bbox 808 1956 835 2017; x_wconf 85' lang='lat'>1)</span> <span class='ocrx_word' id='word_1_149' title='bbox 862 1951 951 2021; x_wconf 79' lang='lat' dir='ltr'>Siepel</span> <span class='ocrx_word' id='word_1_150' title='bbox 976 1951 1126 2007; x_wconf 81' lang='lat' dir='ltr'>Heinriehs</span> <span class='ocrx_word' id='word_1_151' title='bbox 1153 1953 1234 2018; x_wconf 72' lang='lat' dir='ltr'>(rr-obl</span> <span class='ocrx_word' id='word_1_152' title='bbox 1259 1954 1401 2021; x_wconf 81' lang='lat' dir='ltr'>erbolten),</span> <span class='ocrx_word' id='word_1_153' title='bbox 1425 1956 1456 2020; x_wconf 83' lang='lat'>2)</span> <span class='ocrx_word' id='word_1_154' title='bbox 1476 1951 1563 2023; x_wconf 78' lang='lat' dir='ltr'>Siepel</span> <span class='ocrx_word' id='word_1_155' title='bbox 1584 1953 1631 2007; x_wconf 82' lang='lat' dir='ltr'>des</span> <span class='ocrx_word' id='word_1_156' title='bbox 1649 1952 1846 2008; x_wconf 80' lang='lat' dir='ltr'>Scirultheissen</span> 
     </span>
     <span class='ocr_line' id='line_1_16' title="bbox 459 2040 1350 2111; baseline -0.004 -13"><span class='ocrx_word' id='word_1_157' title='bbox 459 2043 594 2098; x_wconf 77' lang='lat' dir='ltr'>Heinrich</span> <span class='ocrx_word' id='word_1_158' title='bbox 613 2043 805 2110; x_wconf 79' lang='lat' dir='ltr'>(Brucbstdcd,</span> <span class='ocrx_word' id='word_1_159' title='bbox 824 2058 877 2095; x_wconf 76' lang='lat' dir='ltr'>occu</span> <span class='ocrx_word' id='word_1_160' title='bbox 896 2041 1041 2111; x_wconf 75' lang='lat' dir='ltr'>besestipt),</span> <span class='ocrx_word' id='word_1_161' title='bbox 1060 2044 1089 2105; x_wconf 84' lang='lat'>3)</span> <span class='ocrx_word' id='word_1_162' title='bbox 1109 2040 1350 2111; x_wconf 78' lang='lat' dir='ltr'>Siepeler&#39;ncclmitt.</span> 
     </span>
    </p>

    <p class='ocr_par' dir='ltr' id='par_1_4' title="bbox 403 2130 1683 2199">
     <span class='ocr_line' id='line_1_17' title="bbox 403 2130 1683 2199; baseline -0.003 -11"><span class='ocrx_word' id='word_1_163' title='bbox 403 2134 442 2187; x_wconf 88' lang='lat' dir='ltr'>St.</span> <span class='ocrx_word' id='word_1_164' title='bbox 457 2135 492 2188; x_wconf 76' lang='lat' dir='ltr'>A.</span> <span class='ocrx_word' id='word_1_165' title='bbox 508 2133 558 2187; x_wconf 81' lang='lat' dir='ltr'>Fr.</span> <span class='ocrx_word' id='word_1_166' title='bbox 571 2131 868 2199; x_wconf 81' lang='lat' dir='ltr'>Weisssraucrrlloster,</span> <span class='ocrx_word' id='word_1_167' title='bbox 889 2130 975 2199; x_wconf 71' lang='lat' dir='ltr'>Gale,</span> <span class='ocrx_word' id='word_1_168' title='bbox 991 2130 1085 2184; x_wconf 80' lang='lat' dir='ltr'>Webr·</span> <span class='ocrx_word' id='word_1_169' title='bbox 1105 2131 1163 2185; x_wconf 77' lang='lat' dir='ltr'>und</span> <span class='ocrx_word' id='word_1_170' title='bbox 1181 2130 1390 2199; x_wconf 78' lang='lat' dir='ltr'>Erbleibbrr&#39;csc,</span> <span class='ocrx_word' id='word_1_171' title='bbox 1410 2131 1488 2185; x_wconf 79' lang='lat' dir='ltr'>Lade</span> <span class='ocrx_word' id='word_1_172' title='bbox 1507 2131 1569 2197; x_wconf 82' lang='grc' dir='ltr'><em>ΙΙΙ,</em></span> <span class='ocrx_word' id='word_1_173' title='bbox 1589 2132 1643 2185; x_wconf 87' lang='grc' dir='ltr'>Νο.</span> <span class='ocrx_word' id='word_1_174' title='bbox 1659 2136 1683 2186; x_wconf 89' lang='lat'>1.</span> 
     </span>
    </p>

    <p class='ocr_par' dir='ltr' id='par_1_5' title="bbox 406 2217 1380 2290">
     <span class='ocr_line' id='line_1_18' title="bbox 406 2217 1380 2290; baseline -0.001 -14"><span class='ocrx_word' id='word_1_175' title='bbox 406 2222 506 2277; x_wconf 70' lang='lat' dir='ltr'>deda:</span> <span class='ocrx_word' id='word_1_176' title='bbox 524 2222 568 2290; x_wconf 79' lang='lat' dir='ltr'>B,</span> <span class='ocrx_word' id='word_1_177' title='bbox 588 2224 639 2275; x_wconf 83' lang='grc'>194</span> <span class='ocrx_word' id='word_1_178' title='bbox 658 2222 728 2274; x_wconf 75' lang='lat' dir='ltr'>nacla</span> <span class='ocrx_word' id='word_1_179' title='bbox 747 2220 806 2274; x_wconf 82' lang='lat' dir='ltr'>dero</span> <span class='ocrx_word' id='word_1_180' title='bbox 828 2219 873 2274; x_wconf 86' lang='lat' dir='ltr'>Or.</span> <span class='ocrx_word' id='word_1_181' title='bbox 895 2261 900 2273; x_wconf 88' lang='lat'>.</span> <span class='ocrx_word' id='word_1_182' title='bbox 938 2220 1090 2274; x_wconf 81' lang='lat' dir='ltr'>Errodlrut:</span> <span class='ocrx_word' id='word_1_183' title='bbox 1110 2220 1235 2285; x_wconf 84' lang='lat' dir='ltr'>Lersaer,</span> <span class='ocrx_word' id='word_1_184' title='bbox 1255 2217 1318 2288; x_wconf 75' lang='lat'>11⁶,</span> <span class='ocrx_word' id='word_1_185' title='bbox 1338 2224 1380 2275; x_wconf 88' lang='lat'>95.</span> 
     </span>
    </p>
   </div>
   <div class='ocr_carea' id='block_1_4' title="bbox 188 2606 1848 2910">
    <p class='ocr_par' dir='ltr' id='par_1_6' title="bbox 188 2606 1848 2910">
     <span class='ocr_line' id='line_1_19' title="bbox 188 2606 1846 2699; baseline -0.002 -18"><span class='ocrx_word' id='word_1_186' title='bbox 188 2606 282 2683; x_wconf 82' lang='grc'><strong>424.</strong></span> <span class='ocrx_word' id='word_1_187' title='bbox 305 2615 498 2681; x_wconf 78' lang='lat' dir='ltr'>Sclrrrltbct&#39;ss</span> <span class='ocrx_word' id='word_1_188' title='bbox 534 2614 705 2693; x_wconf 74' lang='lat' dir='ltr'>Heinrich,</span> <span class='ocrx_word' id='word_1_189' title='bbox 743 2615 905 2695; x_wconf 81' lang='lat' dir='ltr'>Scbdffcn‚</span> <span class='ocrx_word' id='word_1_190' title='bbox 943 2613 1029 2679; x_wconf 73' lang='lat' dir='ltr'>nato</span> <span class='ocrx_word' id='word_1_191' title='bbox 1064 2615 1131 2678; x_wconf 74' lang='lat' dir='ltr'>aad</span> <span class='ocrx_word' id='word_1_192' title='bbox 1161 2614 1292 2699; x_wconf 80' lang='lat' dir='ltr'>Biirpcr</span> <span class='ocrx_word' id='word_1_193' title='bbox 1327 2636 1386 2679; x_wconf 86' lang='lat' dir='ltr'>oon</span> <span class='ocrx_word' id='word_1_194' title='bbox 1417 2614 1450 2678; x_wconf 86' lang='lat' dir='ltr'><em>F</em></span> <span class='ocrx_word' id='word_1_195' title='bbox 1450 2615 1601 2697; x_wconf 77' lang='lat' dir='ltr'>ronbfort</span> <span class='ocrx_word' id='word_1_196' title='bbox 1636 2615 1846 2693; x_wconf 78' lang='lat' dir='ltr'>berrrlrrmden,</span> 
     </span>
     <span class='ocr_line' id='line_1_20' title="bbox 306 2720 1848 2805; baseline 0 -20"><span class='ocrx_word' id='word_1_197' title='bbox 306 2723 383 2788; x_wconf 80' lang='lat' dir='ltr'>dass</span> <span class='ocrx_word' id='word_1_198' title='bbox 413 2722 552 2787; x_wconf 81' lang='lat' dir='ltr'>Kourod</span> <span class='ocrx_word' id='word_1_199' title='bbox 574 2722 712 2787; x_wconf 82' lang='lat' dir='ltr'>Wobelc‘n</span> <span class='ocrx_word' id='word_1_200' title='bbox 741 2722 809 2787; x_wconf 75' lang='lat' dir='ltr'>(loru</span> <span class='ocrx_word' id='word_1_201' title='bbox 836 2720 966 2786; x_wconf 83' lang='lat' dir='ltr'>Klostcr·</span> <span class='ocrx_word' id='word_1_202' title='bbox 990 2721 1162 2805; x_wconf 77' lang='lat' dir='ltr'>Arosbrop</span> <span class='ocrx_word' id='word_1_203' title='bbox 1193 2726 1259 2786; x_wconf 80' lang='lat' dir='ltr'>eine</span> <span class='ocrx_word' id='word_1_204' title='bbox 1288 2726 1383 2805; x_wconf 78' lang='lat' dir='ltr'>culpe</span> <span class='ocrx_word' id='word_1_205' title='bbox 1409 2722 1503 2787; x_wconf 79' lang='lat' dir='ltr'>Giiltc</span> <span class='ocrx_word' id='word_1_206' title='bbox 1532 2743 1592 2786; x_wconf 83' lang='lat' dir='ltr'>eon</span> <span class='ocrx_word' id='word_1_207' title='bbox 1615 2726 1712 2787; x_wconf 81' lang='lat' dir='ltr'>cirtem</span> <span class='ocrx_word' id='word_1_208' title='bbox 1735 2722 1848 2787; x_wconf 78' lang='lat' dir='ltr'>Haase</span> 
     </span>
     <span class='ocr_line' id='line_1_21' title="bbox 306 2826 1180 2910; baseline -0.001 -17"><span class='ocrx_word' id='word_1_209' title='bbox 306 2833 341 2893; x_wconf 83' lang='lat' dir='ltr'>in</span> <span class='ocrx_word' id='word_1_210' title='bbox 363 2828 397 2892; x_wconf 87' lang='lat' dir='ltr'><em>F</em></span> <span class='ocrx_word' id='word_1_211' title='bbox 397 2829 548 2910; x_wconf 73' lang='lat' dir='ltr'>ranbfort</span> <span class='ocrx_word' id='word_1_212' title='bbox 570 2828 717 2910; x_wconf 62' lang='lat' dir='ltr'>verbumst</span> <span class='ocrx_word' id='word_1_213' title='bbox 740 2826 820 2893; x_wconf 73' lang='lat' dir='ltr'>laert.l</span> <span class='ocrx_word' id='word_1_214' title='bbox 867 2832 954 2893; x_wconf 72' lang='lat'><em>1280</em></span> <span class='ocrx_word' id='word_1_215' title='bbox 978 2827 1127 2893; x_wconf 82' lang='lat' dir='ltr'>Februor</span> <span class='ocrx_word' id='word_1_216' title='bbox 1151 2834 1180 2892; x_wconf 84' lang='grc'>8.</span> 
     </span>
    </p>
   </div>
   <div class='ocr_carea' id='block_1_5' title="bbox 191 2986 1935 4784">
    <p class='ocr_par' dir='ltr' id='par_1_7' title="bbox 191 2986 1935 4784">
     <span class='ocr_line' id='line_1_22' title="bbox 298 2986 1847 3076; baseline 0 -21"><span class='ocrx_word' id='word_1_217' title='bbox 298 2990 365 3055; x_wconf 82' lang='lat' dir='ltr'>Nos</span> <span class='ocrx_word' id='word_1_218' title='bbox 389 2988 564 3055; x_wconf 89' lang='lat' dir='ltr'>Heinricus</span> <span class='ocrx_word' id='word_1_219' title='bbox 589 2988 759 3071; x_wconf 87' lang='lat' dir='ltr'>scultetus,</span> <span class='ocrx_word' id='word_1_220' title='bbox 785 2987 921 3069; x_wconf 91' lang='lat' dir='ltr'>scabini,</span> <span class='ocrx_word' id='word_1_221' title='bbox 947 2990 1119 3055; x_wconf 68' lang='lat' dir='ltr'>eonsulesl</span> <span class='ocrx_word' id='word_1_222' title='bbox 1139 2996 1172 3056; x_wconf 87' lang='lat' dir='ltr'>et</span> <span class='ocrx_word' id='word_1_223' title='bbox 1188 2989 1334 3056; x_wconf 90' lang='lat' dir='ltr'>universi</span> <span class='ocrx_word' id='word_1_224' title='bbox 1350 2989 1438 3056; x_wconf 88' lang='lat' dir='ltr'>cives</span> <span class='ocrx_word' id='word_1_225' title='bbox 1455 2986 1847 3076; x_wconf 65' lang='lat' dir='ltr'>[Frankenvordensesll’</span> 
     </span>
     <span class='ocr_line' id='line_1_23' title="bbox 191 3094 1847 3178; baseline -0.001 -15"><span class='ocrx_word' id='word_1_226' title='bbox 191 3096 364 3163; x_wconf 84' lang='lat' dir='ltr'>Universis</span> <span class='ocrx_word' id='word_1_227' title='bbox 388 3103 559 3178; x_wconf 89' lang='lat' dir='ltr'>presentes</span> <span class='ocrx_word' id='word_1_228' title='bbox 582 3094 713 3161; x_wconf 90' lang='lat' dir='ltr'>litteras</span> <span class='ocrx_word' id='word_1_229' title='bbox 738 3095 900 3162; x_wconf 89' lang='lat' dir='ltr'>audituris</span> <span class='ocrx_word' id='word_1_230' title='bbox 920 3095 1067 3178; x_wconf 91' lang='lat' dir='ltr'>cupimus</span> <span class='ocrx_word' id='word_1_231' title='bbox 1084 3115 1156 3162; x_wconf 89' lang='lat' dir='ltr'>esse</span> <span class='ocrx_word' id='word_1_232' title='bbox 1175 3103 1297 3178; x_wconf 90' lang='lat' dir='ltr'>notum,</span> <span class='ocrx_word' id='word_1_233' title='bbox 1318 3095 1343 3168; x_wconf 80' lang='lat' dir='ltr'>l!</span> <span class='ocrx_word' id='word_1_234' title='bbox 1360 3099 1445 3178; x_wconf 89' lang='lat' dir='ltr'>quod</span> <span class='ocrx_word' id='word_1_235' title='bbox 1463 3097 1634 3163; x_wconf 85' lang='lat' dir='ltr'>Onnradus</span> <span class='ocrx_word' id='word_1_236' title='bbox 1647 3095 1847 3177; x_wconf 87' lang='lat' dir='ltr'>Wobelinus,</span> 
     </span>
     <span class='ocr_line' id='line_1_24' title="bbox 191 3202 1849 3286; baseline 0.001 -17"><span class='ocrx_word' id='word_1_237' title='bbox 191 3202 337 3270; x_wconf 87' lang='lat' dir='ltr'>concivis</span> <span class='ocrx_word' id='word_1_238' title='bbox 368 3211 479 3269; x_wconf 91' lang='lat' dir='ltr'>noster</span> <span class='ocrx_word' id='word_1_239' title='bbox 510 3202 658 3285; x_wconf 86' lang='lat' dir='ltr'>dilectus,</span> <span class='ocrx_word' id='word_1_240' title='bbox 692 3223 750 3285; x_wconf 90' lang='lat' dir='ltr'>per</span> <span class='ocrx_word' id='word_1_241' title='bbox 779 3202 984 3270; x_wconf 88' lang='lat' dir='ltr'>diffinitivam</span> <span class='ocrx_word' id='word_1_242' title='bbox 1015 3202 1223 3269; x_wconf 89' lang='lat' dir='ltr'>scabinorum</span> <span class='ocrx_word' id='word_1_243' title='bbox 1254 3202 1455 3270; x_wconf 88' lang='lat' dir='ltr'>sentenciam</span> <span class='ocrx_word' id='word_1_244' title='bbox 1486 3203 1637 3286; x_wconf 90' lang='lat' dir='ltr'>obtinuit,</span> <span class='ocrx_word' id='word_1_245' title='bbox 1663 3207 1748 3285; x_wconf 88' lang='lat' dir='ltr'>quod</span> <span class='ocrx_word' id='word_1_246' title='bbox 1777 3204 1849 3285; x_wconf 88' lang='lat' dir='ltr'>ipse</span> 
     </span>
     <span class='ocr_line' id='line_1_25' title="bbox 191 3308 1848 3391; baseline 0 -16"><span class='ocrx_word' id='word_1_247' title='bbox 191 3330 252 3391; x_wconf 89' lang='lat' dir='ltr'>pro</span> <span class='ocrx_word' id='word_1_248' title='bbox 284 3310 351 3376; x_wconf 89' lang='lat' dir='ltr'>suis</span> <span class='ocrx_word' id='word_1_249' title='bbox 382 3308 665 3383; x_wconf 84' lang='lat' dir='ltr'>necessilltatibus</span> <span class='ocrx_word' id='word_1_250' title='bbox 696 3308 804 3391; x_wconf 89' lang='lat' dir='ltr'>potuit</span> <span class='ocrx_word' id='word_1_251' title='bbox 834 3316 867 3375; x_wconf 93' lang='lat' dir='ltr'>et</span> <span class='ocrx_word' id='word_1_252' title='bbox 898 3309 1009 3376; x_wconf 86' lang='lat' dir='ltr'>debuit</span> <span class='ocrx_word' id='word_1_253' title='bbox 1038 3312 1180 3376; x_wconf 88' lang='lat' dir='ltr'>vendere</span> <span class='ocrx_word' id='word_1_254' title='bbox 1211 3330 1336 3391; x_wconf 85' lang='lat' dir='ltr'>queque</span> <span class='ocrx_word' id='word_1_255' title='bbox 1367 3330 1428 3378; x_wconf 89' lang='lat' dir='ltr'>sua</span> <span class='ocrx_word' id='word_1_256' title='bbox 1458 3314 1553 3378; x_wconf 89' lang='lat' dir='ltr'>bona.</span> <span class='ocrx_word' id='word_1_257' title='bbox 1613 3312 1685 3376; x_wconf 91' lang='lat' dir='ltr'>Hoc</span> <span class='ocrx_word' id='word_1_258' title='bbox 1713 3313 1848 3376; x_wconf 93' lang='lat' dir='ltr'>obtento</span> 
     </span>
     <span class='ocr_line' id='line_1_26' title="bbox 191 3414 1850 3500; baseline -0.001 -18"><span class='ocrx_word' id='word_1_259' title='bbox 191 3417 278 3483; x_wconf 92' lang='lat' dir='ltr'>idem</span> <span class='ocrx_word' id='word_1_260' title='bbox 303 3418 475 3483; x_wconf 86' lang='lat' dir='ltr'>Cunradus</span> <span class='ocrx_word' id='word_1_261' title='bbox 499 3414 647 3483; x_wconf 93' lang='lat' dir='ltr'>vendidit</span> <span class='ocrx_word' id='word_1_262' title='bbox 670 3415 750 3483; x_wconf 92' lang='lat' dir='ltr'>viris</span> <span class='ocrx_word' id='word_1_263' title='bbox 774 3415 945 3500; x_wconf 74' lang='lat' dir='ltr'>religiosis</span> <span class='ocrx_word' id='word_1_264' title='bbox 965 3416 989 3489; x_wconf 81' lang='lat' dir='ltr'>ll</span> <span class='ocrx_word' id='word_1_265' title='bbox 1009 3416 1137 3483; x_wconf 92' lang='lat' dir='ltr'>domino</span> <span class='ocrx_word' id='word_1_266' title='bbox 1156 3469 1162 3481; x_wconf 94' lang='lat'>.</span> <span class='ocrx_word' id='word_1_267' title='bbox 1182 3469 1188 3481; x_wconf 95' lang='lat'>.</span> <span class='ocrx_word' id='word_1_268' title='bbox 1206 3416 1321 3483; x_wconf 89' lang='lat' dir='ltr'>abbati</span> <span class='ocrx_word' id='word_1_269' title='bbox 1344 3424 1378 3483; x_wconf 89' lang='lat' dir='ltr'>et</span> <span class='ocrx_word' id='word_1_270' title='bbox 1401 3417 1577 3484; x_wconf 87' lang='lat' dir='ltr'>conventui</span> <span class='ocrx_word' id='word_1_271' title='bbox 1601 3420 1641 3483; x_wconf 92' lang='lat' dir='ltr'>de</span> <span class='ocrx_word' id='word_1_272' title='bbox 1657 3418 1850 3499; x_wconf 84' lang='lat' dir='ltr'>Arnesburg</span> 
     </span>
     <span class='ocr_line' id='line_1_27' title="bbox 192 3521 1849 3606; baseline -0.001 -17"><span class='ocrx_word' id='word_1_273' title='bbox 192 3523 317 3589; x_wconf 90' lang='lat' dir='ltr'>ordinis</span> <span class='ocrx_word' id='word_1_274' title='bbox 341 3522 569 3605; x_wconf 71' lang='lat' dir='ltr'>cisterciensis,</span> <span class='ocrx_word' id='word_1_275' title='bbox 594 3522 680 3588; x_wconf 88' lang='lat' dir='ltr'>iuste</span> <span class='ocrx_word' id='word_1_276' title='bbox 704 3530 737 3588; x_wconf 87' lang='lat' dir='ltr'>et</span> <span class='ocrx_word' id='word_1_277' title='bbox 761 3521 1006 3589; x_wconf 85' lang='lat' dir='ltr'>racionabiliter</span> <span class='ocrx_word' id='word_1_278' title='bbox 1030 3542 1087 3589; x_wconf 86' lang='lat' dir='ltr'>sex</span> <span class='ocrx_word' id='word_1_279' title='bbox 1112 3522 1233 3589; x_wconf 86' lang='lat' dir='ltr'>solidos</span> <span class='ocrx_word' id='word_1_280' title='bbox 1257 3527 1464 3591; x_wconf 82' lang='lat' dir='ltr'>denariorum</span> <span class='ocrx_word' id='word_1_281' title='bbox 1486 3525 1688 3606; x_wconf 78' lang='lat' dir='ltr'>Aquensiroa</span> <span class='ocrx_word' id='word_1_282' title='bbox 1711 3530 1744 3589; x_wconf 92' lang='lat' dir='ltr'>et</span> <span class='ocrx_word' id='word_1_283' title='bbox 1768 3526 1849 3588; x_wconf 89' lang='lat' dir='ltr'>duos</span> 
     </span>
     <span class='ocr_line' id='line_1_28' title="bbox 192 3628 1850 3713; baseline 0.001 -18"><span class='ocrx_word' id='word_1_284' title='bbox 192 3631 299 3713; x_wconf 90' lang='lat' dir='ltr'>pullos</span> <span class='ocrx_word' id='word_1_285' title='bbox 323 3648 439 3696; x_wconf 89' lang='lat' dir='ltr'>census</span> <span class='ocrx_word' id='word_1_286' title='bbox 464 3628 615 3696; x_wconf 88' lang='lat' dir='ltr'>annualis</span> <span class='ocrx_word' id='word_1_287' title='bbox 639 3628 866 3712; x_wconf 90' lang='lat' dir='ltr'>percipiendos</span> <span class='ocrx_word' id='word_1_288' title='bbox 883 3638 1040 3713; x_wconf 88' lang='lat' dir='ltr'>perpetuo</span> <span class='ocrx_word' id='word_1_289' title='bbox 1058 3650 1157 3713; x_wconf 90' lang='lat' dir='ltr'>super</span> <span class='ocrx_word' id='word_1_290' title='bbox 1173 3634 1310 3713; x_wconf 90' lang='lat' dir='ltr'>domum,</span> <span class='ocrx_word' id='word_1_291' title='bbox 1336 3651 1433 3713; x_wconf 88' lang='lat' dir='ltr'>quam</span> <span class='ocrx_word' id='word_1_292' title='bbox 1448 3630 1623 3698; x_wconf 90' lang='lat' dir='ltr'>Heinricus</span> <span class='ocrx_word' id='word_1_293' title='bbox 1639 3630 1850 3697; x_wconf 89' lang='lat' dir='ltr'>barbitonsor</span> 
     </span>
     <span class='ocr_line' id='line_1_29' title="bbox 194 3736 1849 3822; baseline -0.001 -19"><span class='ocrx_word' id='word_1_294' title='bbox 194 3738 276 3805; x_wconf 89' lang='lat' dir='ltr'>civis</span> <span class='ocrx_word' id='word_1_295' title='bbox 300 3736 630 3804; x_wconf 87' lang='lat' dir='ltr'>Frankenvordensis</span> <span class='ocrx_word' id='word_1_296' title='bbox 660 3736 836 3803; x_wconf 90' lang='lat' dir='ltr'>inhabitat.</span> <span class='ocrx_word' id='word_1_297' title='bbox 885 3737 1001 3803; x_wconf 92' lang='lat' dir='ltr'>Dictus</span> <span class='ocrx_word' id='word_1_298' title='bbox 1032 3757 1160 3819; x_wconf 90' lang='lat' dir='ltr'>quoque</span> <span class='ocrx_word' id='word_1_299' title='bbox 1184 3740 1356 3804; x_wconf 82' lang='lat' dir='ltr'>Ounradus</span> <span class='ocrx_word' id='word_1_300' title='bbox 1386 3738 1588 3822; x_wconf 84' lang='lat' dir='ltr'>recognovit,</span> <span class='ocrx_word' id='word_1_301' title='bbox 1613 3758 1648 3804; x_wconf 93' lang='lat' dir='ltr'>se</span> <span class='ocrx_word' id='word_1_302' title='bbox 1679 3736 1849 3819; x_wconf 90' lang='lat' dir='ltr'>pecuniam</span> 
     </span>
     <span class='ocr_line' id='line_1_30' title="bbox 193 3841 1935 3929; baseline -0.001 -18"><span class='ocrx_word' id='word_1_303' title='bbox 193 3863 253 3927; x_wconf 94' lang='lat' dir='ltr'>pro</span> <span class='ocrx_word' id='word_1_304' title='bbox 278 3841 418 3926; x_wconf 84' lang='lat' dir='ltr'>prelatis</span> <span class='ocrx_word' id='word_1_305' title='bbox 442 3847 535 3910; x_wconf 93' lang='lat' dir='ltr'>domo</span> <span class='ocrx_word' id='word_1_306' title='bbox 560 3850 594 3910; x_wconf 91' lang='lat' dir='ltr'>et</span> <span class='ocrx_word' id='word_1_307' title='bbox 618 3863 716 3910; x_wconf 87' lang='lat' dir='ltr'>censu</span> <span class='ocrx_word' id='word_1_308' title='bbox 741 3843 883 3911; x_wconf 90' lang='lat' dir='ltr'>venditis</span> <span class='ocrx_word' id='word_1_309' title='bbox 907 3844 1079 3927; x_wconf 90' lang='lat' dir='ltr'>recepisse,</span> <span class='ocrx_word' id='word_1_310' title='bbox 1106 3852 1139 3911; x_wconf 91' lang='lat' dir='ltr'>et</span> <span class='ocrx_word' id='word_1_311' title='bbox 1163 3844 1346 3929; x_wconf 84' lang='lat' dir='ltr'>resignavit</span> <span class='ocrx_word' id='word_1_312' title='bbox 1363 3847 1507 3912; x_wconf 90' lang='lat' dir='ltr'>eamdem</span> <span class='ocrx_word' id='word_1_313' title='bbox 1524 3848 1652 3911; x_wconf 92' lang='lat' dir='ltr'>domum</span> <span class='ocrx_word' id='word_1_314' title='bbox 1669 3852 1702 3910; x_wconf 93' lang='lat' dir='ltr'>et</span> <span class='ocrx_word' id='word_1_315' title='bbox 1718 3863 1850 3910; x_wconf 89' lang='lat' dir='ltr'>censum</span> <span class='ocrx_word' id='word_1_316' title='bbox 1932 3896 1935 3899; x_wconf 82' lang='lat'>.</span> 
     </span>
     <span class='ocr_line' id='line_1_31' title="bbox 193 3948 1850 4033; baseline -0.001 -17"><span class='ocrx_word' id='word_1_317' title='bbox 193 3948 336 4033; x_wconf 84' lang='lat' dir='ltr'>prelatis</span> <span class='ocrx_word' id='word_1_318' title='bbox 367 3950 495 4016; x_wconf 91' lang='lat' dir='ltr'>domino</span> <span class='ocrx_word' id='word_1_319' title='bbox 527 3949 643 4016; x_wconf 90' lang='lat' dir='ltr'>abbati</span> <span class='ocrx_word' id='word_1_320' title='bbox 672 3958 705 4016; x_wconf 91' lang='lat' dir='ltr'>et</span> <span class='ocrx_word' id='word_1_321' title='bbox 736 3950 911 4018; x_wconf 89' lang='lat' dir='ltr'>conventui</span> <span class='ocrx_word' id='word_1_322' title='bbox 941 3951 975 4017; x_wconf 94' lang='lat' dir='ltr'>in</span> <span class='ocrx_word' id='word_1_323' title='bbox 1006 3949 1113 4018; x_wconf 81' lang='lat' dir='ltr'>forma</span> <span class='ocrx_word' id='word_1_324' title='bbox 1142 3951 1253 4018; x_wconf 90' lang='lat' dir='ltr'>indicii</span> <span class='ocrx_word' id='word_1_325' title='bbox 1283 3953 1620 4033; x_wconf 78' lang='lat' dir='ltr'>Frankenvordeasis,</span> <span class='ocrx_word' id='word_1_326' title='bbox 1651 3950 1850 4017; x_wconf 90' lang='lat' dir='ltr'>renuncians</span> 
     </span>
     <span class='ocr_line' id='line_1_32' title="bbox 194 4055 1850 4142; baseline -0.001 -18"><span class='ocrx_word' id='word_1_327' title='bbox 194 4056 282 4124; x_wconf 91' lang='lat' dir='ltr'>omni</span> <span class='ocrx_word' id='word_1_328' title='bbox 312 4056 386 4139; x_wconf 91' lang='lat' dir='ltr'>iuri,</span> <span class='ocrx_word' id='word_1_329' title='bbox 412 4059 496 4137; x_wconf 91' lang='lat' dir='ltr'>quod</span> <span class='ocrx_word' id='word_1_330' title='bbox 528 4055 591 4123; x_wconf 91' lang='lat' dir='ltr'>sibi</span> <span class='ocrx_word' id='word_1_331' title='bbox 620 4056 653 4122; x_wconf 91' lang='lat' dir='ltr'>in</span> <span class='ocrx_word' id='word_1_332' title='bbox 685 4056 806 4123; x_wconf 90' lang='lat' dir='ltr'>eisdem</span> <span class='ocrx_word' id='word_1_333' title='bbox 836 4060 1044 4140; x_wconf 87' lang='lat' dir='ltr'>competebat</span> <span class='ocrx_word' id='word_1_334' title='bbox 1067 4078 1125 4125; x_wconf 90' lang='lat' dir='ltr'>seu</span> <span class='ocrx_word' id='word_1_335' title='bbox 1150 4065 1334 4142; x_wconf 86' lang='lat' dir='ltr'>competere</span> <span class='ocrx_word' id='word_1_336' title='bbox 1357 4058 1549 4141; x_wconf 83' lang='lat' dir='ltr'>videbatnr3</span> <span class='ocrx_word' id='word_1_337' title='bbox 1575 4057 1724 4141; x_wconf 88' lang='lat' dir='ltr'>promisit</span> <span class='ocrx_word' id='word_1_338' title='bbox 1747 4056 1850 4124; x_wconf 90' lang='lat' dir='ltr'>eciam</span> 
     </span>
     <span class='ocr_line' id='line_1_33' title="bbox 195 4164 1849 4249; baseline -0.001 -19"><span class='ocrx_word' id='word_1_339' title='bbox 195 4164 305 4230; x_wconf 90' lang='lat' dir='ltr'>dictus</span> <span class='ocrx_word' id='word_1_340' title='bbox 318 4166 352 4230; x_wconf 82' lang='lat' dir='ltr'>O.</span> <span class='ocrx_word' id='word_1_341' title='bbox 365 4166 542 4229; x_wconf 90' lang='lat' dir='ltr'>secundum</span> <span class='ocrx_word' id='word_1_342' title='bbox 559 4164 825 4231; x_wconf 90' lang='lat' dir='ltr'>consuetudinem</span> <span class='ocrx_word' id='word_1_343' title='bbox 843 4164 988 4232; x_wconf 90' lang='lat' dir='ltr'>civitatis</span> <span class='ocrx_word' id='word_1_344' title='bbox 1000 4166 1331 4233; x_wconf 83' lang='lat' dir='ltr'>Frankenvordensis</span> <span class='ocrx_word' id='word_1_345' title='bbox 1347 4164 1458 4232; x_wconf 84' lang='lat' dir='ltr'>lacere</span> <span class='ocrx_word' id='word_1_346' title='bbox 1472 4164 1708 4249; x_wconf 90' lang='lat' dir='ltr'>prenominatis</span> <span class='ocrx_word' id='word_1_347' title='bbox 1721 4164 1849 4230; x_wconf 90' lang='lat' dir='ltr'>domino</span> 
     </span>
     <span class='ocr_line' id='line_1_34' title="bbox 194 4270 1851 4353; baseline -0.001 -15"><span class='ocrx_word' id='word_1_348' title='bbox 194 4270 310 4338; x_wconf 91' lang='lat' dir='ltr'>abbati</span> <span class='ocrx_word' id='word_1_349' title='bbox 333 4277 367 4337; x_wconf 90' lang='lat' dir='ltr'>et</span> <span class='ocrx_word' id='word_1_350' title='bbox 390 4270 566 4337; x_wconf 90' lang='lat' dir='ltr'>conventui</span> <span class='ocrx_word' id='word_1_351' title='bbox 591 4270 792 4339; x_wconf 88' lang='lat' dir='ltr'>warandiam</span> <span class='ocrx_word' id='word_1_352' title='bbox 816 4272 946 4353; x_wconf 89' lang='lat' dir='ltr'>iustam,</span> <span class='ocrx_word' id='word_1_353' title='bbox 972 4272 1117 4339; x_wconf 90' lang='lat' dir='ltr'>debitam</span> <span class='ocrx_word' id='word_1_354' title='bbox 1141 4280 1174 4339; x_wconf 92' lang='lat' dir='ltr'>et</span> <span class='ocrx_word' id='word_1_355' title='bbox 1198 4281 1397 4339; x_wconf 89' lang='lat' dir='ltr'>consuetam.</span> <span class='ocrx_word' id='word_1_356' title='bbox 1438 4272 1553 4340; x_wconf 83' lang='lat' dir='ltr'>Eciam</span> <span class='ocrx_word' id='word_1_357' title='bbox 1577 4276 1619 4340; x_wconf 91' lang='lat' dir='ltr'>ad</span> <span class='ocrx_word' id='word_1_358' title='bbox 1643 4274 1704 4338; x_wconf 90' lang='lat' dir='ltr'>hoc</span> <span class='ocrx_word' id='word_1_359' title='bbox 1727 4270 1851 4338; x_wconf 85' lang='lat' dir='ltr'>iratres</span> 
     </span>
     <span class='ocr_line' id='line_1_35' title="bbox 193 4376 1851 4464; baseline -0.002 -19"><span class='ocrx_word' id='word_1_360' title='bbox 193 4396 281 4461; x_wconf 87' lang='lat' dir='ltr'>suos,</span> <span class='ocrx_word' id='word_1_361' title='bbox 313 4377 466 4445; x_wconf 90' lang='lat' dir='ltr'>videlicet</span> <span class='ocrx_word' id='word_1_362' title='bbox 482 4378 670 4443; x_wconf 87' lang='lat' dir='ltr'>Volmarum</span> <span class='ocrx_word' id='word_1_363' title='bbox 701 4384 735 4443; x_wconf 91' lang='lat' dir='ltr'>et</span> <span class='ocrx_word' id='word_1_364' title='bbox 750 4376 948 4460; x_wconf 89' lang='lat' dir='ltr'>Wickerum,</span> <span class='ocrx_word' id='word_1_365' title='bbox 978 4377 1192 4445; x_wconf 88' lang='lat' dir='ltr'>fideiussorie·</span> <span class='ocrx_word' id='word_1_366' title='bbox 1211 4378 1381 4464; x_wconf 90' lang='lat' dir='ltr'>obligavit.</span> <span class='ocrx_word' id='word_1_367' title='bbox 1430 4382 1547 4447; x_wconf 76' lang='lat' dir='ltr'>Testes</span> <span class='ocrx_word' id='word_1_368' title='bbox 1577 4379 1673 4445; x_wconf 88' lang='lat' dir='ltr'>huius</span> <span class='ocrx_word' id='word_1_369' title='bbox 1702 4377 1750 4445; x_wconf 91' lang='lat' dir='ltr'>rei</span> <span class='ocrx_word' id='word_1_370' title='bbox 1775 4384 1851 4443; x_wconf 90' lang='lat' dir='ltr'>sunt</span> 
     </span>
     <span class='ocr_line' id='line_1_36' title="bbox 194 4482 1850 4570; baseline -0.001 -19"><span class='ocrx_word' id='word_1_371' title='bbox 194 4484 260 4551; x_wconf 89' lang='lat' dir='ltr'>viri</span> <span class='ocrx_word' id='word_1_372' title='bbox 289 4484 434 4550; x_wconf 93' lang='lat' dir='ltr'>honesti:</span> <span class='ocrx_word' id='word_1_373' title='bbox 453 4485 627 4551; x_wconf 89' lang='lat' dir='ltr'>Volmarus</span> <span class='ocrx_word' id='word_1_374' title='bbox 658 4490 691 4551; x_wconf 89' lang='lat' dir='ltr'>et</span> <span class='ocrx_word' id='word_1_375' title='bbox 707 4484 882 4550; x_wconf 86' lang='lat' dir='ltr'>Wickerus</span> <span class='ocrx_word' id='word_1_376' title='bbox 912 4484 1061 4567; x_wconf 92' lang='lat' dir='ltr'>predicti,</span> <span class='ocrx_word' id='word_1_377' title='bbox 1094 4485 1248 4554; x_wconf 85' lang='lat' dir='ltr'>Gerlibus</span> <span class='ocrx_word' id='word_1_378' title='bbox 1279 4486 1384 4569; x_wconf 89' lang='lat' dir='ltr'>pistor</span> <span class='ocrx_word' id='word_1_379' title='bbox 1414 4493 1448 4553; x_wconf 91' lang='lat' dir='ltr'>et</span> <span class='ocrx_word' id='word_1_380' title='bbox 1471 4486 1666 4570; x_wconf 87' lang='lat' dir='ltr'>Hartungus</span> <span class='ocrx_word' id='word_1_381' title='bbox 1699 4482 1850 4565; x_wconf 89' lang='lat' dir='ltr'>sacciler,</span> 
     </span>
     <span class='ocr_line' id='line_1_37' title="bbox 194 4588 1851 4676; baseline -0.001 -19"><span class='ocrx_word' id='word_1_382' title='bbox 194 4592 284 4659; x_wconf 90' lang='lat' dir='ltr'>cives</span> <span class='ocrx_word' id='word_1_383' title='bbox 309 4591 660 4673; x_wconf 79' lang='lat' dir='ltr'>Frankenvordenses3</span> <span class='ocrx_word' id='word_1_384' title='bbox 686 4588 792 4658; x_wconf 83' lang='lat' dir='ltr'>irater</span> <span class='ocrx_word' id='word_1_385' title='bbox 811 4593 1012 4658; x_wconf 89' lang='lat' dir='ltr'>Wernherus</span> <span class='ocrx_word' id='word_1_386' title='bbox 1036 4595 1075 4658; x_wconf 90' lang='lat' dir='ltr'>de</span> <span class='ocrx_word' id='word_1_387' title='bbox 1100 4595 1303 4676; x_wconf 84' lang='lat' dir='ltr'>Arnesburg,</span> <span class='ocrx_word' id='word_1_388' title='bbox 1330 4602 1364 4660; x_wconf 92' lang='lat' dir='ltr'>et</span> <span class='ocrx_word' id='word_1_389' title='bbox 1388 4594 1497 4676; x_wconf 87' lang='lat' dir='ltr'>plures</span> <span class='ocrx_word' id='word_1_390' title='bbox 1522 4593 1579 4660; x_wconf 91' lang='lat' dir='ltr'>alii</span> <span class='ocrx_word' id='word_1_391' title='bbox 1600 4590 1765 4676; x_wconf 87' lang='lat' dir='ltr'>fidedigni.</span> <span class='ocrx_word' id='word_1_392' title='bbox 1812 4591 1851 4656; x_wconf 92' lang='lat' dir='ltr'>In</span> 
     </span>
     <span class='ocr_line' id='line_1_38' title="bbox 194 4697 1852 4784; baseline -0.001 -21"><span class='ocrx_word' id='word_1_393' title='bbox 194 4698 288 4763; x_wconf 91' lang='lat' dir='ltr'>cuius</span> <span class='ocrx_word' id='word_1_394' title='bbox 322 4698 369 4763; x_wconf 91' lang='lat' dir='ltr'>rei</span> <span class='ocrx_word' id='word_1_395' title='bbox 402 4698 623 4765; x_wconf 91' lang='lat' dir='ltr'>testimonium</span> <span class='ocrx_word' id='word_1_396' title='bbox 656 4706 688 4765; x_wconf 90' lang='lat' dir='ltr'>et</span> <span class='ocrx_word' id='word_1_397' title='bbox 720 4697 908 4764; x_wconf 88' lang='lat' dir='ltr'>firmitatem</span> <span class='ocrx_word' id='word_1_398' title='bbox 943 4706 1137 4782; x_wconf 91' lang='lat' dir='ltr'>perpetuam</span> <span class='ocrx_word' id='word_1_399' title='bbox 1169 4699 1309 4784; x_wconf 88' lang='lat' dir='ltr'>sigillum</span> <span class='ocrx_word' id='word_1_400' title='bbox 1342 4699 1489 4767; x_wconf 89' lang='lat' dir='ltr'>civitatis</span> <span class='ocrx_word' id='word_1_401' title='bbox 1521 4697 1852 4766; x_wconf 83' lang='lat' dir='ltr'>Frankenvordensis</span> 
     </span>
    </p>
   </div>
   <div class='ocr_carea' id='block_1_6' title="bbox 192 4804 1851 4993">
    <p class='ocr_par' dir='ltr' id='par_1_8' title="bbox 192 4804 1851 4993">
     <span class='ocr_line' id='line_1_39' title="bbox 193 4804 1851 4888; baseline -0.001 -18"><span class='ocrx_word' id='word_1_402' title='bbox 193 4804 406 4888; x_wconf 87' lang='lat' dir='ltr'>presentibus</span> <span class='ocrx_word' id='word_1_403' title='bbox 438 4804 552 4872; x_wconf 82' lang='lat' dir='ltr'>litteris</span> <span class='ocrx_word' id='word_1_404' title='bbox 585 4804 735 4871; x_wconf 83' lang='lat' dir='ltr'>duximus</span> <span class='ocrx_word' id='word_1_405' title='bbox 769 4808 1006 4888; x_wconf 88' lang='lat' dir='ltr'>apponendum.</span> <span class='ocrx_word' id='word_1_406' title='bbox 1054 4808 1175 4872; x_wconf 82' lang='lat' dir='ltr'>Actora</span> <span class='ocrx_word' id='word_1_407' title='bbox 1208 4814 1241 4872; x_wconf 94' lang='lat' dir='ltr'>et</span> <span class='ocrx_word' id='word_1_408' title='bbox 1272 4810 1385 4873; x_wconf 83' lang='lat' dir='ltr'>datum</span> <span class='ocrx_word' id='word_1_409' title='bbox 1415 4826 1501 4873; x_wconf 88' lang='lat' dir='ltr'>anno</span> <span class='ocrx_word' id='word_1_410' title='bbox 1532 4805 1652 4874; x_wconf 87' lang='lat' dir='ltr'>domini</span> <span class='ocrx_word' id='word_1_411' title='bbox 1683 4804 1851 4871; x_wconf 90' lang='lat' dir='ltr'>millesimo</span> 
     </span>
     <span class='ocr_line' id='line_1_40' title="bbox 192 4910 771 4993; baseline -0.002 -15"><span class='ocrx_word' id='word_1_412' title='bbox 192 4932 241 4978; x_wconf 91' lang='lat' dir='ltr'>cc.</span> <span class='ocrx_word' id='word_1_413' title='bbox 262 4912 410 4993; x_wconf 85' lang='lat' dir='ltr'>lXXX.,</span> <span class='ocrx_word' id='word_1_414' title='bbox 427 4912 484 4978; x_wconf 89' lang='lat' dir='ltr'>VI.</span> <span class='ocrx_word' id='word_1_415' title='bbox 506 4911 579 4978; x_wconf 92' lang='lat' dir='ltr'>idus</span> <span class='ocrx_word' id='word_1_416' title='bbox 602 4910 771 4979; x_wconf 81' lang='lat' dir='ltr'>februarii.</span> 
     </span>
    </p>
   </div>
   <div class='ocr_carea' id='block_1_7' title="bbox 412 5072 1211 5408">
    <p class='ocr_par' dir='ltr' id='par_1_9' title="bbox 412 5072 1211 5229">
     <span class='ocr_line' id='line_1_41' title="bbox 413 5072 1211 5143; baseline 0.003 -17"><span class='ocrx_word' id='word_1_417' title='bbox 413 5072 458 5127; x_wconf 87' lang='lat' dir='ltr'>Or.</span> <span class='ocrx_word' id='word_1_418' title='bbox 474 5072 561 5143; x_wconf 82' lang='lat' dir='ltr'>Ppmt.</span> <span class='ocrx_word' id='word_1_419' title='bbox 577 5074 627 5128; x_wconf 80' lang='lat' dir='ltr'>mit</span> <span class='ocrx_word' id='word_1_420' title='bbox 645 5074 848 5143; x_wconf 71' lang='lat' dir='ltr'>adiungendam</span> <span class='ocrx_word' id='word_1_421' title='bbox 861 5073 1026 5143; x_wconf 79' lang='lat' dir='ltr'>Stodtsr&#39;cpel</span> <span class='ocrx_word' id='word_1_422' title='bbox 1045 5076 1096 5139; x_wconf 82' lang='lat'>(2).</span> <span class='ocrx_word' id='word_1_423' title='bbox 1134 5074 1211 5128; x_wconf 66' lang='lat' dir='ltr'>Laco.</span> 
     </span>
     <span class='ocr_line' id='line_1_42' title="bbox 412 5161 905 5229; baseline -0.002 -13"><span class='ocrx_word' id='word_1_424' title='bbox 412 5161 512 5216; x_wconf 63' lang='lat' dir='ltr'>(seua.-</span> <span class='ocrx_word' id='word_1_425' title='bbox 530 5162 574 5229; x_wconf 84' lang='lat' dir='ltr'>B,</span> <span class='ocrx_word' id='word_1_426' title='bbox 594 5164 646 5215; x_wconf 82' lang='lat'>195</span> <span class='ocrx_word' id='word_1_427' title='bbox 664 5163 734 5217; x_wconf 63' lang='lat' dir='ltr'>traco</span> <span class='ocrx_word' id='word_1_428' title='bbox 753 5163 812 5217; x_wconf 79' lang='lat' dir='ltr'>oleru</span> <span class='ocrx_word' id='word_1_429' title='bbox 833 5162 879 5217; x_wconf 85' lang='lat' dir='ltr'>Or.</span> <span class='ocrx_word' id='word_1_430' title='bbox 901 5206 905 5215; x_wconf 95' lang='lat'>.</span> 
     </span>
    </p>

    <p class='ocr_par' dir='ltr' id='par_1_10' title="bbox 412 5249 831 5320">
     <span class='ocr_line' id='line_1_43' title="bbox 412 5249 831 5320; baseline 0 -16"><span class='ocrx_word' id='word_1_431' title='bbox 412 5249 525 5320; x_wconf 72' lang='lat' dir='ltr'>Repeti:</span> <span class='ocrx_word' id='word_1_432' title='bbox 543 5252 643 5305; x_wconf 81' lang='lat' dir='ltr'>Arnsb.</span> <span class='ocrx_word' id='word_1_433' title='bbox 661 5251 751 5320; x_wconf 79' lang='lat' dir='ltr'>Orico,</span> <span class='ocrx_word' id='word_1_434' title='bbox 770 5254 831 5305; x_wconf 71' lang='lat'>214.</span> 
     </span>
    </p>

    <p class='ocr_par' dir='ltr' id='par_1_11' title="bbox 417 5337 844 5408">
     <span class='ocr_line' id='line_1_44' title="bbox 417 5337 844 5408; baseline 0.007 -17"><span class='ocrx_word' id='word_1_435' title='bbox 417 5338 509 5393; x_wconf 71' lang='lat' dir='ltr'>Vera:</span> <span class='ocrx_word' id='word_1_436' title='bbox 527 5337 633 5408; x_wconf 80' lang='lat' dir='ltr'>Scriba,</span> <span class='ocrx_word' id='word_1_437' title='bbox 653 5339 696 5407; x_wconf 88' lang='lat' dir='ltr'>H,</span> <span class='ocrx_word' id='word_1_438' title='bbox 716 5339 769 5394; x_wconf 89' lang='lat' dir='ltr'>No.</span> <span class='ocrx_word' id='word_1_439' title='bbox 785 5342 844 5394; x_wconf 83' lang='lat'>716.</span> 
     </span>
    </p>
   </div>
   <div class='ocr_carea' id='block_1_8' title="bbox 466 5531 1390 5587">
    <p class='ocr_par' dir='ltr' id='par_1_12' title="bbox 466 5531 1390 5587">
     <span class='ocr_line' id='line_1_45' title="bbox 466 5531 1390 5587; baseline 0 -12"><span class='ocrx_word' id='word_1_440' title='bbox 466 5534 491 5585; x_wconf 76' lang='lat' dir='ltr'>a)</span> <span class='ocrx_word' id='word_1_441' title='bbox 506 5532 576 5577; x_wconf 79' lang='lat' dir='ltr'>Aucb</span> <span class='ocrx_word' id='word_1_442' title='bbox 592 5533 631 5577; x_wconf 81' lang='lat' dir='ltr'>die</span> <span class='ocrx_word' id='word_1_443' title='bbox 645 5532 744 5586; x_wconf 71' lang='lat' dir='ltr'>Lesrrrm</span> <span class='ocrx_word' id='word_1_444' title='bbox 757 5531 912 5587; x_wconf 72' lang='lat' dir='ltr'>‚consillum</span> <span class='ocrx_word' id='word_1_445' title='bbox 929 5535 994 5576; x_wconf 74' lang='lat' dir='ltr'>accire</span> <span class='ocrx_word' id='word_1_446' title='bbox 1008 5534 1120 5586; x_wconf 77' lang='lat' dir='ltr'>rrrdplieh.</span> <span class='ocrx_word' id='word_1_447' title='bbox 1150 5534 1175 5586; x_wconf 89' lang='lat' dir='ltr'>b)</span> <span class='ocrx_word' id='word_1_448' title='bbox 1191 5533 1266 5576; x_wconf 72' lang='grc' dir='ltr'>ΜΗ</span> <span class='ocrx_word' id='word_1_449' title='bbox 1278 5533 1313 5575; x_wconf 81' lang='lat' dir='ltr'>im</span> <span class='ocrx_word' id='word_1_450' title='bbox 1330 5533 1370 5577; x_wconf 89' lang='lat' dir='ltr'>Or.</span> <span class='ocrx_word' id='word_1_451' title='bbox 1386 5565 1390 5575; x_wconf 93' lang='lat'>.</span> 
     </span>
    </p>
   </div>
   <div class='ocr_carea' id='block_1_9' title="bbox 197 5710 1001 5871">
    <p class='ocr_par' dir='ltr' id='par_1_13' title="bbox 197 5710 1001 5871">
     <span class='ocr_line' id='line_1_46' title="bbox 252 5710 1001 5782; baseline 0 -15"><span class='ocrx_word' id='word_1_452' title='bbox 252 5712 261 5744; x_wconf 91' lang='lat'><strong>¹</strong></span> <span class='ocrx_word' id='word_1_453' title='bbox 281 5710 337 5767; x_wconf 80' lang='lat' dir='ltr'>Die</span> <span class='ocrx_word' id='word_1_454' title='bbox 363 5728 414 5766; x_wconf 86' lang='lat' dir='ltr'>oon</span> <span class='ocrx_word' id='word_1_455' title='bbox 433 5712 466 5765; x_wconf 92' lang='lat' dir='ltr'>B.</span> <span class='ocrx_word' id='word_1_456' title='bbox 485 5728 520 5767; x_wconf 74' lang='lat' dir='ltr'>au</span> <span class='ocrx_word' id='word_1_457' title='bbox 542 5716 612 5767; x_wconf 83' lang='lat'><em>1280</em></span> <span class='ocrx_word' id='word_1_458' title='bbox 630 5712 743 5767; x_wconf 84' lang='lat' dir='ltr'>Jonuor</span> <span class='ocrx_word' id='word_1_459' title='bbox 760 5716 796 5767; x_wconf 83' lang='lat'>29</span> <span class='ocrx_word' id='word_1_460' title='bbox 821 5712 1001 5782; x_wconf 78' lang='lat' dir='ltr'>abpcdrucltc</span> 
     </span>
     <span class='ocr_line' id='line_1_47' title="bbox 197 5800 999 5871; baseline -0.004 -13"><span class='ocrx_word' id='word_1_461' title='bbox 197 5800 333 5858; x_wconf 71' lang='lat' dir='ltr'>urbanae</span> <span class='ocrx_word' id='word_1_462' title='bbox 357 5801 451 5871; x_wconf 72' lang='lat' dir='ltr'>perora</span> <span class='ocrx_word' id='word_1_463' title='bbox 476 5817 511 5856; x_wconf 76' lang='lat' dir='ltr'>eu</span> <span class='ocrx_word' id='word_1_464' title='bbox 535 5804 605 5857; x_wconf 80' lang='lat'><em>1290</em></span> <span class='ocrx_word' id='word_1_465' title='bbox 622 5800 736 5857; x_wconf 74' lang='lat' dir='ltr'>dortour</span> <span class='ocrx_word' id='word_1_466' title='bbox 753 5806 796 5857; x_wconf 80' lang='lat'>29.</span> <span class='ocrx_word' id='word_1_467' title='bbox 834 5802 912 5857; x_wconf 82' lang='lat' dir='ltr'>Siebc</span> <span class='ocrx_word' id='word_1_468' title='bbox 930 5802 999 5856; x_wconf 80' lang='lat' dir='ltr'>dori.</span> 
     </span>
    </p>
   </div>
   <div class='ocr_carea' id='block_1_10' title="bbox 0 0 2217 6384">
    <p class='ocr_par' dir='ltr' id='par_1_14' title="bbox 0 0 2217 6384">
     <span class='ocr_line' id='line_1_48' title="bbox 0 0 2217 6384; baseline 0 0"><span class='ocrx_word' id='word_1_469' title='bbox 0 0 2217 6384; x_wconf 95' lang='lat' dir='ltr'> </span> 
     </span>
    </p>
   </div>
  </div>
 </body>
</html>
