4400 6384
376 316 442 382 386
885 309 955 364 1300
973 307 1131 378 September
1149 309 1185 362 30
1203 339 1236 352 *-
1257 307 1327 362 1300
1345 305 1462 360 October
1480 305 1523 360 20.

377 528 472 590 quem
495 527 627 574 censum
651 507 733 572 dicti
756 505 880 572 iratres
903 504 938 571 10
960 503 1118 570 iamdicta
1142 504 1235 569 domo
1260 501 1397 586 singulis
1414 501 1510 568 annis
1525 503 1648 568 habere
1664 501 1931 567 dinoscebantnr.
1953 501 2025 564 Vico

376 636 455 683 vero
479 615 651 695 reciproca
674 611 824 695 prefatus
840 612 948 696 Wiglo
973 611 1072 677 dictis
1090 663 1096 674 .
1116 607 1362 675 commendatori
1386 614 1420 674 et
1437 661 1443 672 .
1463 661 1468 674 .
1487 605 1649 674 fratribus
1672 627 1774 689 supra
1797 608 1928 672 domurn
1950 607 2025 671 Cun-

377 720 451 786 radi
480 723 520 785 de
543 720 783 803 Heldebergen,
808 738 906 800 quam
928 716 1104 797 inhabitat,
1131 713 1303 797 deputavit
1331 721 1364 780 et
1388 713 1574 797 assignavit
1596 734 1656 796 per
1678 715 1807 778 modum
1831 712 1936 777 eciam
1958 731 2025 776 con-

379 827 489 892 canbii
520 825 639 910 viginti
674 825 828 891 denarios
857 826 948 890 leves
978 843 1096 889 census
1128 820 1288 888 annualis
1342 822 1382 886 In
1412 821 1634 886 testimonium
1663 819 1897 902 premissorum
1925 837 1980 883 nos
1995 871 2023 882 ..

378 933 538 998 scultetus
561 940 594 998 et
613 984 618 997 .
639 985 645 1006 ,.
664 931 791 998 scabini
813 930 997 1012 supradicti
1021 932 1062 996 ad
1079 935 1234 1012 rogatum
1249 928 1396 1010 parcium
1413 927 1635 1010 predictarum
1651 927 1791 1010 sigillum
1807 924 2025 990 universitatis
2141 1007 2142 1012 ἵ

378 1039 702 1106 Frankinvordensis
730 1037 939 1120 presentibus
963 1036 1113 1102 duximus
1138 1037 1396 1117 appendendum.
1444 1037 1564 1102 Actum
1589 1053 1674 1100 anno
1698 1033 1819 1099 domini
1842 1033 1885 1098 nir.
1904 1027 1975 1112 otc,
1996 1030 2025 1096 in

379 1145 584 1212 exaltacione
608 1151 723 1211 sancte
747 1144 864 1210 crucis

595 1286 641 1340 Or.
655 1285 743 1354 Ppmt.
782 1286 844 1339 Dar
862 1283 1038 1354 00100090ιᾶ0
1056 1283 1144 1354 010001
1162 1284 1199 1336 iet
1217 1283 1378 1350 obpesollcu.
1415 1281 1454 1337 St.
1471 1283 1504 1336 A,
1520 1282 1571 1336 Fr.
1586 1281 1819 1346 Liebsrouenttr'ft
1838 1281 1895 1334 No.
1910 1285 1964 1334 001.

595 1375 695 1428 00000
712 1376 757 1441 Β,
777 1377 830 1427 335
848 1374 920 1428 nuda
937 1374 996 1426 dem
1017 1373 1063 1427 Or.
1085 1412 1090 1425 .

382 1662 472 1736 771.
496 1668 559 1732 Dic
585 1669 761 1750 Officiulcn
784 1669 838 1732 des
864 1668 1012 1749 Propstes
1034 1669 1090 1732 der
1107 1668 1140 1731 F
1141 1668 1324 1748 roudfurtcr
1340 1667 1461 1732 Kirrbc
1485 1668 1693 1744 decachordon,
1720 1671 1776 1731 1010
1791 1667 1961 1731 1100000110
1982 1687 2027 1728 cor

498 1777 590 1840 10000
612 1777 714 1839 dttrcb
738 1775 865 1858 Zeupcrt
887 1779 1044 1853 erectorem,
1068 1776 1146 1840 cluss
1171 1780 1216 1839 sic
1241 1797 1298 1839 000
1320 1776 1390 1840 deut
1415 1775 1629 1838 00001ον00000
1654 1775 1791 1839 Gerlach
1813 1779 1954 1858 petuisse,
1976 1771 2029 1852 ou(

497 1887 674 1966 parternum
713 1883 835 1945 Gdrteu
874 1903 927 1945 oor
965 1880 1149 1963 lr'raatsurr
1188 1882 1326 1946 losteode
1365 1882 1593 1946 Jubrcsaiuscrt
1631 1881 1759 1961 erkuuft
1795 1881 1883 1946 0000.
1954 1884 2026 1944 1300

499 1989 674 2070 September·
697 1994 750 2052 30.

492 2128 707 2194 ..Officiales
738 2127 858 2194 domini
876 2180 882 2191 .
902 2179 907 2190 .
927 2127 1086 2209 prepositi
1118 2127 1254 2194 ecclesie
1285 2128 1624 2195 Frankenvordensis.
1673 2129 1951 2211 Recognoscimus
1978 2146 2027 2208 per

384 2242 565 2317 presentes,
591 2237 677 2316 quod
700 2233 903 2306 Berb'tradis
926 2234 1043 2300 mulier
1067 2237 1107 2300 de
1131 2234 1213 2300 ortis
1237 2241 1315 2300 ante
1339 2242 1454 2316 portas
1471 2236 1809 2303 Frankenvordenses
1833 2234 1908 2299 sitis
1933 2251 2028 2300 coram

384 2342 480 2408 nobis
511 2342 545 2406 in
577 2342 684 2424 figura
715 2341 828 2407 iudicii
852 2341 876 2412 11
901 2340 1093 2422 constituta,
1130 2361 1188 2423 per
1221 2341 1331 2408 virum
1365 2342 1586 2408 testimonium
1619 2340 1833 2424 plurimorum
1866 2343 2027 2422 proborum

387 2448 529 2514 virorum
561 2450 601 2512 de
630 2447 711 2530 ipsis
742 2447 833 2528 00110,
865 2447 982 2528 quibus
1013 2447 1092 2512 fides
1112 2447 1137 2521 0
1155 2454 1206 2513 est
1230 2447 1425 2529 adhibenda,
1451 2447 1595 2530 legitimo
1619 2447 1783 2529 probavit,
1809 2449 1895 2528 quod
1923 2446 1981 2512 rite
2002 2451 2029 2509 et

386 2553 633 2620 racionabiliter
657 2561 690 2619 et
713 2553 800 2619 iusto
825 2553 1004 2634 emptionis
1028 2553 1124 2618 titulo
1149 2553 1390 2635 comparaverit
1411 2561 1444 2619 et
1461 2552 1575 2620 emerit
1592 2573 1673 2636 erge
1688 2556 1850 2634 quondam
1868 2553 2029 2618 Gerlacun

387 2666 640 2725 commorantem
655 2660 689 2724 in
706 2660 899 2744 cymitberio
914 2713 920 2724 .
937 2713 943 2724 .
958 2660 1058 2725 10000
1075 2662 1161 2741 apud
1175 2661 1417 2726 Fraukenvord
1433 2660 1571 2726 solidum
1584 2659 1824 2726 (boloniensium
1836 2659 2029 2724 denariorum

386 2766 420 2831 in
451 2786 515 2832 nno
545 2773 617 2832 orto
649 2767 711 2832 sito
741 2770 827 2848 apud
858 2765 983 2832 fontem
1012 2765 1107 2849 Nigri
1130 2765 1321 2847 Hermanni‚
1350 2767 1429 2832 item
1458 2768 1492 2832 10
1523 2766 1586 2832 alio
1618 2773 1689 2832 orto
1720 2767 1876 2848 contiguo
1908 2766 2030 2832 solidum

388 2872 627 2938 boloniensium
657 2873 864 2938 denariorum
895 2872 995 2938 annui
1026 2892 1144 2938 census
1174 2873 1208 2937 in
1239 2873 1416 2940 nativitate
1447 2873 1568 2939 domini
1592 2875 1717 2938 dandos
1741 2879 1775 2938 et
1799 2872 2028 2952 persolvendos

388 2998 469 3059 quos
501 2979 631 3060 quidem
664 2985 754 3044 ortos
788 2987 879 3044 tenet
911 2986 945 3044 et
978 2978 1125 3060 possidet
1152 2979 1368 3045 Heilmannus
1403 2980 1510 3044 dictus
1535 2979 1642 3044 Duvel
1675 2981 1714 3044 de
1748 2978 1840 3060 ortis,
1874 2986 1907 3044 et
1938 2979 2030 3060 ipsum

388 3104 520 3150 censum
544 3085 653 3151 solvit.
693 3085 778 3149 item
802 3085 966 3166 probavit
992 3089 1077 3166 quod
1101 3105 1182 3168 erga
1207 3089 1343 3150 eundem
1360 3087 1535 3152 Gerlacum
1560 3085 1765 3166 comparavit
1789 3092 1823 3150 et
1839 3085 1917 3150 emit
1935 3088 2030 3149 decem

389 3199 420 3257 et
452 3200 526 3257 octo
551 3190 758 3257 Colonienscs
789 3190 941 3256 denarios
970 3191 1005 3256 in
1036 3195 1162 3256 duobus
1193 3192 1335 3256 dimidiis
1364 3192 1532 3275 iugeribus
1564 3200 1710 3257 ortorum
1734 3191 1835 3256 annui
1859 3211 1982 3270 census,
2002 3189 2031 3254 in

389 3295 475 3363 festo
499 3297 590 3363 beati
606 3296 743 3362 Martini
766 3317 880 3362 novem
906 3296 1059 3362 denarios
1076 3297 1282 3364 t'oloniensrs
1307 3305 1340 3363 et
1363 3297 1397 3362 in
1421 3296 1507 3363 festo
1531 3297 1621 3364 beati
1637 3297 1756 3363 Jacobi
1772 3297 1916 3378 apostoli
1932 3313 2030 3362 norem

390 3403 595 3470 Colonienses
626 3403 780 3468 denarios
811 3405 937 3468 dandos
967 3409 1000 3468 et
1031 3405 1275 3485 persolvendos
1300 3423 1435 3483 quorum
1467 3412 1612 3470 ortorum
1638 3403 1803 3468 dimidium
1829 3403 1926 3486 inger
1948 3402 2031 3467 sitnm

391 3517 443 3575 est
474 3513 560 3592 apud
584 3509 682 3590 viam,
707 3529 772 3590 qua
794 3509 861 3573 itur
885 3509 1072 3590 Burnheim‚
1098 3516 1132 3574 et
1156 3508 1245 3575 aliud
1270 3509 1436 3575 dimidium
1461 3510 1609 3592 iugerum
1635 3509 1729 3574 iuxta
1749 3508 1983 3592 Pingestweide
2005 3513 2030 3569 et

390 3616 510 3682 dicitur
526 3616 761 3696 Scbobinruke,
787 3634 867 3695 qnos
885 3623 976 3681 tenet
992 3623 1025 3680 et
1042 3616 1188 3697 possidet
1205 3613 1330 3696 000110,
1356 3616 1527 3699 privignus
1547 3614 1670 3697 prefati
1686 3615 1875 3681 Heilmanni
1892 3614 2028 3690 Dureles

392 3729 425 3787 et
449 3722 619 3802 Gerlacus‚
651 3721 737 3787 filius
762 3722 895 3788 Gerlaoi
925 3725 1087 3803 quondam
1120 3722 1312 3805 supradicti,
1338 3722 1460 3788 nullum
1491 3741 1623 3788 censum
1654 3721 1727 3804 plus
1759 3725 1881 3788 vendet
1909 3721 1941 3786 in
1969 3725 2028 3785 orto

392 3829 545 3912 contiguo
570 3827 699 3911 prefato
724 3828 854 3893 dimidio
878 3829 985 3912 iugeri
1009 3830 1096 3895 dicto
1114 3829 1348 3910 Schobinruke,
1374 3849 1469 3910 quem
1493 3849 1578 3895 nunc
1603 3835 1695 3894 tenet
1711 3837 1744 3894 et
1761 3828 1916 3910 possidet,
1934 3831 2029 3907 preter

392 3955 533 4016 censum,
560 3954 654 4015 quem
684 3955 770 4000 nunc
801 3935 908 4015 solvit,
935 3942 968 4000 et
998 3935 1026 4000 si
1055 3936 1140 4000 idem
1165 3935 1325 4003 Geriacus
1356 3939 1397 4000 ad
1429 3943 1558 4002 tentam
1587 3935 1728 4017 inopiam
1757 3933 1934 4014 devenerit,
1957 3931 2027 4011 qood

393 4041 575 4122 predictum
599 4049 696 4106 orto⁸
721 4042 827 4106 colere
851 4061 916 4106 non
939 4042 1060 4122 poterit
1085 4062 1145 4108 nec
1166 4062 1298 4108 censum
1321 4042 1447 4108 soluere
1472 4045 1511 4107 00
1532 4045 1653 4123 00000,
1679 4045 1721 4106 00
1737 4040 1844 4123 ipsam
1860 4036 2027 4106 Bertradim

393 4147 463 4228 ipse
493 4155 584 4212 ortus
609 4148 801 4214 devolvetur
825 4147 926 4213 libere
951 4155 984 4213 et
1008 4147 1145 4229 precise,
1170 4148 1430 4214 contradictione
1455 4149 1600 4229 qualibet
1624 4167 1689 4213 non
1713 4149 1877 4212 obstante.
1924 4146 2027 4210 Datum

393 4255 453 4319 sub
478 4254 585 4336 sigillo
609 4262 720 4319 nostro
745 4261 779 4320 et
803 4263 911 4320 actum
936 4275 1021 4320 anno
1046 4254 1169 4320 domini
1192 4256 1232 4319 rb.
1255 4253 1333 4334 cic,
1356 4254 1390 4320 in
1415 4254 1559 4320 crastino
1583 4253 1674 4320 beati
1696 4253 1877 4318 Michaelis.

609 4395 654 4449 Or.
668 4396 755 4466 Ppmt.
794 4397 856 4451 Dos
874 4397 1051 4466 obbonpcndc
1069 4395 1156 4466 Siepel
1174 4397 1210 4450 ist
1229 4396 1392 4466 obperisseu.
1433 4397 1471 4449 St.
1487 4397 1519 4448 A.
1535 4395 1585 4448 Fr.
1602 4393 1770 4448 1100001000
1787 4395 1851 4448 tut.
1866 4395 1916 4448 No.
1930 4395 1982 4446 103.

609 4485 707 4540 Getta:
725 4487 770 4554 Β,
789 4490 842 4540 336
861 4487 931 4540 nach
949 4486 1007 4538 dem
1029 4484 1074 4539 Or.
1096 4526 1102 4537 .

396 4769 486 4845 772.
510 4779 620 4862 Ko'uip
651 4780 800 4843 Albrcrbi
832 4779 1014 4861 rerlrdudipt
1044 4779 1104 4842 (100
1134 4779 1264 4842 8010100
1296 4778 1494 4860 0000010000,
1523 4778 1688 4859 Boppmd,
1716 4779 1897 4854 Oberrcrscl,
1921 4773 2028 4839 Fruat-

509 4886 589 4966 furt,
615 4886 801 4970 Fricdbery,
822 4887 955 4951 111οῑ100
980 4887 1044 4949 eom
1063 4887 1275 4964 Gcbrbuuscm,
1300 4886 1377 4949 dress
1401 4907 1434 4949 er
1456 4886 1516 4948 (Ιο0
1535 4883 1644 4948 tflrtcu
1670 4905 1727 4948 eron
1742 4883 1865 4949 Hauon
1887 4907 1927 4948 00
1949 4883 2027 4945 itt-en

510 4994 839 5076 youreirrsclursilicbeu
864 4993 1340 5076 (100001009100000010000.
1387 4993 1519 5070 libreria,
1545 4997 1632 5055 1300
1659 4991 1788 5058 October
1811 4997 1864 5055 20.

503 5134 660 5200 Albertus
691 5135 743 5200 dei
773 5135 885 5218 000010
915 5136 1136 5200 Romanorum
1167 5154 1241 5213 rex,
1274 5152 1402 5216 semper
1432 5139 1602 5216 augustus.
1656 5131 1879 5198 Prudentibus
1908 5128 1980 5197 viris
2002 5175 2027 5188 ..

397 5241 556 5321 scultetis
577 5295 582 5306 .
603 5296 609 5306 .
628 5242 815 5308 consulibus
846 5262 903 5307 seu
932 5240 1075 5306 scabinis
1099 5241 1132 5304 in
1153 5241 1175 5310 0
1194 5240 1405 5322 Oppenheim,
1431 5239 1607 5321 Bopardia,
1625 5238 1780 5320 Weselia‚
1806 5238 2028 5305 Frankenvon

397 5348 607 5428 Frideberch,
620 5349 822 5414 Wetzelaria
846 5355 879 5414 et
903 5347 936 5412 in
955 5347 1166 5429 Geilnhusen,
1187 5346 1335 5412 fidelibus
1360 5346 1427 5412 suis
1444 5346 1581 5428 dilectis,
1600 5345 1746 5428 graciam
1764 5365 1856 5411 snam
1873 5351 1904 5410 et
1919 5342 1940 5414 0
1953 5355 2030 5406 omne

397 5455 526 5518 bonurn.
552 5455 728 5536 Cupientes
745 5475 785 5520 er
802 5455 923 5519 sinceri
939 5455 1045 5518 cordis
1062 5453 1181 5518 affectu
1198 5453 1270 5532 0110,
1289 5473 1349 5534 qne
1366 5452 1602 5533 promocionem
1620 5451 1706 5517 sacri
1717 5451 1847 5534 imperii
1859 5447 2028 5532 respiciunt,

399 5567 467 5624 tam
498 5560 648 5628 sollerter
677 5561 887 5643 10100110οι0,
913 5563 998 5642 quod
1027 5559 1171 5626 fidelium
1201 5568 1234 5625 et
1258 5563 1449 5625 devotorum
1473 5565 1658 5624 nostrorum
1682 5557 1830 5624 salutare
1855 5555 2029 5623 commodum

667 5755 692 5805 a)
708 5753 756 5796 So!
