4400 6384
391 341 457 409 402
984 334 1234 391 1000uti1e-
1254 335 1398 392 13001110
1416 336 1460 390 so.

391 537 526 620 obitum,
551 543 584 603 et
614 556 680 603 non
710 542 797 615 ante,
829 532 930 614 dedit,
961 531 1136 615 deputavit
1166 538 1200 599 et
1230 531 1416 618 assignavit
1438 531 1613 600 Lidewico
1644 535 1684 600 de
1708 533 1924 616 Holtzhusen‚
1948 531 2037 601 fratri

391 665 460 726 sno,
485 651 520 710 et
538 642 607 710 eius
623 641 735 726 pueris
751 641 820 709 sive
836 639 958 720 liberis
983 659 1064 721 quos
1080 641 1177 722 Cosa,
1202 638 1270 706 filia
1285 638 1424 707 Amoldi
1439 640 1479 706 de
1496 640 1678 724 Glauburg,
1704 639 1773 707 eius
1789 660 1873 707 uror
1886 640 2035 725 legitimo,

391 754 433 828 ab
464 753 576 818 eodem
607 747 782 816 Lbdewieo
812 746 1010 829 procreavit,
1035 745 1065 813 si
1094 746 1199 829 ipsam
1228 746 1434 830 Hedewigim
1464 746 1718 830 supervixerint,
1744 767 1815 814 cum
1847 747 1935 814 omni
1965 747 2035 822 iure,

392 879 455 942 qno
486 857 577 940 ipsas
612 875 729 922 novem
760 875 891 921 marcas
924 854 1133 920 denariorum
1166 873 1283 920 census
1312 853 1428 921 habuit
1459 861 1493 920 et
1524 853 1681 936 possedit.
1728 856 1886 922 Preteres
1909 855 1938 921 si
1961 855 2036 922 iden

391 963 585 1031 deeviens
616 965 659 1029 ad
689 964 851 1028 secundas
882 959 1015 1043 nuptias
1045 961 1282 1043 convolaverit,
1308 961 1407 1028 aliam
1437 979 1572 1027 uxorem
1595 963 1853 1044 superducendo,
1877 969 1913 1028 et
1937 963 2036 1046 proles

391 1072 433 1138 ab
463 1071 577 1137 eadem
607 1068 843 1152 procreaverit,
866 1067 922 1134 ille
953 1068 1061 1148 proles
1092 1087 1113 1134 a
1143 1070 1288 1134 secunda
1317 1086 1418 1134 uxore
1448 1075 1622 1151 procreate
1648 1067 1682 1133 in
1706 1067 1906 1150 supradictis
1930 1089 2036 1138 novem

391 1177 511 1243 marcis
542 1174 751 1242 denariorum
775 1192 892 1241 census
916 1172 1037 1240 nnllam
1062 1173 1248 1256 porcionem
1271 1192 1332 1241 nce
1355 1174 1454 1241 ullam
1478 1181 1606 1256 partem
1631 1173 1761 1257 penitus
1784 1174 1965 1258 habebunt,
1989 1179 2036 1242 sed

391 1287 480 1366 apud
509 1283 631 1366 primos
663 1301 782 1364 pueros
811 1280 915 1363 ipsius
939 1280 1108 1347 Lndewici
1137 1287 1297 1363 perpetuo
1322 1282 1568 1364 permanebunt.
1618 1281 1735 1348 Testes
1758 1281 1856 1348 huius
1878 1282 1929 1349 rei
1952 1290 2035 1352 sunt;

390 1390 581 1458 Hertwicus
611 1393 651 1455 de
683 1389 764 1454 Alta
793 1391 897 1470 domo,
928 1388 1095 1454 Arnoldus
1125 1390 1166 1454 de
1197 1388 1379 1473 Glauburg,
1412 1389 1584 1455 cunradus
1614 1390 1655 1454 de
1690 1387 1801 1474 Spina,
1831 1386 1977 1456 Sifridns
2003 1392 2035 1454 de

391 1496 600 1581 Gysenheim,
632 1497 827 1580 liudegerus
858 1498 898 1561 de
927 1495 1144 1577 Holtzhusen‚
1177 1495 1347 1562 lohannes
1378 1495 1554 1576 Goltstein,
1586 1492 1774 1561 ldarkolius
1805 1498 1845 1561 de
1869 1495 2034 1578 Linthein,

391 1604 518 1688 Wigelo
542 1607 581 1670 de
594 1603 795 1684 Wanebach,
812 1601 1006 1668 Drutwinus
1022 1603 1200 1683 Schrenke,
1219 1600 1417 1668 (tilmannus
1439 1604 1479 1668 de
1492 1602 1681 1682 Ovenbach,
1705 1601 1864 1686 magister
1875 1603 2036 1669 lohannes

391 1708 534 1793 pellifex,
559 1708 695 1792 scabini,
720 1715 755 1774 et
777 1709 986 1790 quamplures
1010 1707 1068 1775 ulii
1090 1707 1179 1775 cives
1195 1705 1526 1776 Frankeniordenses
1548 1707 1712 1793 fidedigni.
1760 1709 1800 1774 In
1824 1708 2036 1776 testimonium

391 1817 622 1900 premissorum
652 1794 712 1882 nos
729 1868 736 1885 .
755 1867 763 1884 ,
781 1817 942 1882 scultetus
966 1821 1000 1882 et
1017 1867 1023 1880 .
1043 1869 1049 1878 .
1068 1815 1195 1881 scabini
1226 1817 1266 1881 de
1289 1813 1523 1882 Frankenlord
1553 1815 1737 1898 supradicti
1768 1815 1912 1900 sigillum
1936 1823 2036 1882 nostre

390 1923 619 1992 universitatis
650 1925 693 1990 ad
723 1928 876 2006 rogatum
906 1921 1050 2004 portium
1080 1927 1334 1988 memoratarum
1365 1921 1573 2004 presentibus
1604 1921 1754 1988 duximus
1785 1924 2035 2005 appendendum.

391 2031 512 2096 Actum
535 2036 569 2096 et
585 2031 699 2096 datum
714 2048 800 2095 anno
817 2028 938 2094 domini
955 2029 996 2094 rb.
1014 2024 1079 2094 cic.
1097 2035 1202 2110 sento,
1227 2025 1313 2094 ferio
1328 2027 1433 2095 tercia
1449 2028 1598 2111 proxima
1613 2035 1688 2112 post
1704 2028 1899 2096 dominicam
1916 2027 2036 2096 Judica.

606 2170 652 2225 Or.
666 2169 754 2240 Ppmt.
791 2170 857 2224 Nur
874 2170 1114 2240 Siepdeinsebnitt.
1152 2169 1192 2224 st.
1205 2171 1240 2224 A.
1256 2169 1307 2224 10.
1321 2169 1420 2226 Banu.
1434 2169 1474 2226 Sl.
1487 2171 1541 2225 No.
1555 2175 1633 2226 1740.

606 2259 706 2314 Galim:
724 2260 769 2330 B,
788 2262 841 2314 371
860 2259 931 2314 uoclt
948 2259 1008 2314 dem
1029 2257 1075 2314 Or.
1097 2302 1102 2312 .

392 2564 484 2640 875.
506 2572 655 2649 Kourad,
686 2571 879 2637 Kouourlcus
909 2595 951 2636 cu
980 2573 1248 2657 Asclcoffeobury,
1281 2573 1345 2636 uod
1369 2571 1522 2652 Districlt,
1547 2574 1648 2638 Sdbnc
1682 2575 1737 2640 des
1760 2576 1881 2643 Ritters
1905 2579 2037 2644 Deiras

510 2679 673 2758 Zeuecluin,
698 2679 871 2760 emkoufen
900 2679 969 2743 clem
992 2678 1347 2744 Detctscborclenslrause
1376 2701 1417 2744 su
1441 2680 1701 2745 Soclmeulmusen
1731 2686 1799 2748 eine
1822 2685 1914 2767 Hufe
1937 2690 1970 2750 in
1990 2687 2039 2749 der

510 2787 715 2870 Gemorlvmp
739 2807 799 2850 von
823 2785 994 2850 Ginnlreim
1015 2784 1200 2869 (,mansum
1224 2791 1372 2851 nostrum
1394 2785 1492 2852 situm
1507 2785 1540 2852 in
1557 2789 1675 2853 marka
1690 2787 1767 2855 ville
1783 2791 2038 2875 Gynnenheim⁸l

506 2895 566 2976 fiir
588 2898 636 2956 57
648 2891 748 2956 Moris
764 2891 983 2973 F-ronlfurtcr
1006 2892 1170 2976 Wc'tlrruup
1193 2890 1421 2976 (,pagumenti
1435 2890 1800 2980 Frankinlurdensis“).
1836 2899 1897 2963 Als
1913 2899 2038 2983 Biirpeu

507 3005 564 3064 utel
584 2999 822 3084 Verptlicblsmp
851 3020 925 3062 turn
954 2998 1112 3082 Eiuloper
1142 3003 1176 3063 in
1206 2999 1239 3062 F
1238 2999 1390 3080 roulfurt
1420 3001 1527 3065 stelles
1556 3004 1618 3066 sie:
1650 3000 1860 3083 ,Heinricum
1883 3007 2037 3086 quondam

508 3105 684 3172 scultetum
706 3104 741 3170 in
765 3101 994 3186 Frankinlirrt,
1019 3111 1168 3171 nostrum
1192 3104 1408 3186 avunculum,
1434 3125 1473 3172 ao
1497 3103 1635 3173 fratrem
1658 3114 1808 3175 nostruin
1820 3109 2037 3190 Wollramum,

507 3211 662 3279 milites“.
711 3211 837 3296 Zeupen
866 3233 979 3276 orcsser
1007 3212 1068 3276 deu
1097 3211 1250 3298 Bdrpen:
1277 3209 1403 3295 ,frater
1431 3212 1621 3280 Fridericns
1648 3214 1772 3281 ordinis
1796 3217 2038 3300 cysterciensis,

508 3317 676 3384 Marsilius
705 3320 871 3398 sacerdos,
888 3316 1071 3401 Wigandus
1094 3318 1266 3400 Truperer,
1296 3319 1523 3402 Heilmannus,
1555 3321 1757 3404 Gerhardus,
1785 3321 1911 3391 fratres
1934 3326 2039 3390 domus

508 3423 655 3507 predicte
677 3423 712 3490 in
739 3424 997 3490 Sassenhnseffl.
1046 3430 1134 3489 1306
1157 3424 1232 3490 Mai
1255 3405 1600 3512 12(1111.id.rnsil).

606 3565 707 3620 (ledus
724 3565 842 3632 Reimer,
861 3564 905 3633 ΙΙ,
924 3568 967 3631 65,
986 3567 1057 3620 saco
1075 3567 1134 3620 dem
1156 3565 1202 3621 Or.
1216 3565 1303 3638 Ppmt.
1317 3567 1355 3620 im
1375 3565 1413 3621 St.
1428 3569 1463 3622 A.
1476 3567 1622 3639 Stuttputt.
1652 3569 1711 3639 Vpl.
1725 3571 1931 3642 Niedermoyer,
1950 3575 2008 3626 131.

392 3869 484 3948 876.
510 3879 673 3959 Geruond,
700 3879 817 3961 Propst
838 3902 880 3943 eu
895 3878 919 3943 I
918 3879 1081 3959 lbeustodt,
1100 3880 1299 3960 ceretanus,
1316 3881 1394 3946 dass
1410 3883 1470 3947 dus
1483 3881 1822 3948 Deutscborclenslruus
1837 3907 1880 3948 su
1895 3885 2040 3951 Saclrseo·
2176 3935 2177 3940 1

508 3972 813 4068 loosm·(,frater'
832 3987 1003 4051 Conradus
1032 3987 1313 4072 commendator“)
1342 3988 1410 4052 dem
1440 3988 1580 4054 Kourod
1603 3989 1707 4055 Milde
1729 3992 1795 4054 und
1819 3993 1930 4056 descen
1952 3989 2042 4056 Froo
2176 4061 2177 4082 ἶ

508 4093 618 4177 Aprtes
649 4093 837 4172 2Hc'iuser,
871 4093 945 4174 Hof
974 4093 1041 4156 tend
1072 4093 1212 4158 Soloe-une
1242 4094 1290 4157 bei
1320 4095 1389 4158 dem
1420 4094 1601 4177 Kircblrofe
1632 4101 1666 4160 iu
1698 4097 1976 4163 Nicdermb'llslndl
2004 4117 2041 4160 ru

510 4199 729 4264 Coloneureclrt
758 4197 865 4283 („iure
896 4198 1135 4285 colonatori0“)
1164 4200 1223 4281 fiir
1252 4199 1412 4282 civem
1441 4201 1570 4268 Dcnore
1600 4205 1666 4268 stud
1696 4209 1717 4268 4
1742 4204 1879 4270 Hsbner
1904 4203 2042 4286 jdlrrliclr

508 4306 659 4371 cerliclrcn
682 4307 769 4370 bobo.
809 4305 872 4370 Die
890 4305 1024 4370 Pdclrtcr
1046 4307 1148 4372 buben
1170 4307 1231 4372 den
1246 4306 1408 4374 lobobern
1430 4310 1486 4374 des
1508 4310 1652 4396 dortt'peu
1670 4311 1832 4378 Gericlttes
1855 4309 1985 4396 („pneri
2007 4311 2043 4374 de

509 4411 754 4497 Beldershem“)
780 4418 805 4476 2
827 4413 961 4477 Hiilmer
978 4413 1121 4492 jotrum
1145 4413 1210 4477 tend
1236 4414 1287 4478 dic
1309 4419 1470 4499 sonestipcu
1493 4415 1646 4500 Abpuben
1669 4439 1711 4482 stt
1733 4418 1911 4484 curicitico.
1961 4423 2044 4483 1300

508 4518 583 4584 Mai
606 4524 649 4584 10
672 4518 780 4604 (XIV.
801 4519 868 4584 kal.
891 4517 993 4600 iunii).

607 4660 706 4716 Gedr.:
723 4661 814 4729 Bauer,
833 4660 912 4715 Heus.
930 4659 1005 4728 Urle,
1023 4660 1049 4728 Ι,
1068 4663 1122 4714 316
1140 4662 1210 4716 uaclt
1228 4663 1287 4716 deun
1308 4662 1354 4718 Or.
1369 4663 1456 4732 Ppmt.
1471 4663 1508 4718 im
1526 4664 1565 4719 St.
1580 4665 1614 4718 A.
1629 4663 1802 4720 Dcrmsladt.

392 4974 484 5050 877.
507 4981 581 5048 Das
604 4983 754 5048 Meister
776 4985 935 5068 peistlt'cbe
960 4983 1088 5048 Gericlrt
1113 4983 1312 5063 bercrlumdet,
1337 4985 1414 5050 dass
1434 4983 1608 5064 Elisabeth,
1633 4987 1685 5050 die
1707 4987 1828 5052 Witlcce
1850 4987 1903 5052 cles
1920 4986 2047 5052 Fruul·

506 5092 612 5172 former
642 5089 789 5173 Bolvpers
818 5089 928 5170 Kono,
959 5091 1049 5154 ibren
1079 5090 1153 5171 Hof
1180 5111 1236 5154 vor
1261 5091 1317 5155 der·
1340 5091 1583 5156 Bockeubcim-er
1606 5091 1728 5174 Psote,
1752 5115 1795 5158 ou
1819 5095 1887 5160 dem
1910 5099 1960 5160 sie
1982 5091 2046 5158 siclt

509 5198 556 5261 bei
585 5201 670 5261 einer
698 5197 852 5278 ludicres
873 5198 1060 5280 Schenkuup
1090 5197 1177 5260 ibrcr
1202 5197 1300 5262 Giiter
1329 5220 1371 5263 uu
1395 5199 1455 5266 dus
1478 5197 1611 5264 Kloster
1634 5200 1782 5265 Sebinno
1804 5201 1855 5265 die
1876 5198 2048 5266 Lcibruclrl

507 5304 704 5370 corbelcclteu
727 5304 819 5382 butte,
843 5305 998 5368 oecumeltr
1021 5304 1091 5368 dem
1113 5302 1247 5369 Kloster
1269 5305 1458 5391 ilbcmropett
1480 5307 1568 5370 liobe.
1616 5311 1704 5372 1300
1726 5307 1802 5373 Mat
1824 5313 1877 5372 20.

500 5444 687 5512 ..ludices
722 5452 836 5511 sancte
871 5444 1065 5529 Mugnntine
1100 5445 1196 5512 sedis.
1256 5446 1543 5530 RecognoscimuS,
1580 5449 1665 5528 quod
1700 5447 1896 5531 Elyzabeth,
1931 5448 2047 5514 relicta
2176 5439 2177 5442 '

392 5550 534 5618 Cimonis
557 5554 720 5632 quondam
743 5552 855 5625 cillvis
870 5550 1203 5636 Frankenfordensis,
1228 5551 1262 5618 in
1285 5560 1401 5620 nostra
1416 5552 1588 5636 presencia
1604 5552 1787 5620 constituta
1802 5553 1930 5621 curiam
1946 5573 2047 5636 snam,
2176 5577 2177 5582 ¹

391 5658 426 5723 in
456 5677 522 5739 qua
551 5658 626 5724 olim
655 5659 771 5725 babuit
802 5659 886 5726 ovile
905 5659 928 5732 ll
947 5678 1050 5742 sunm,
1081 5667 1160 5727 ante
1183 5658 1435 5726 Buclrinheimer
1465 5666 1583 5743 porten
1613 5665 1710 5727 extra
1739 5676 1850 5728 muros
1872 5661 2049 5729 Franken·
2176 5671 2177 5756 j

393 5762 565 5830 fordenses
592 5764 700 5847 sitam,
726 5783 823 5847 quam
847 5765 909 5831 sibi
931 5765 1148 5840 reserllvavit
1171 5765 1401 5850 possidendam
1425 5770 1467 5833 ad
1491 5773 1640 5848 tempora
1662 5767 1731 5834 vite
1755 5787 1823 5850 sue,
1847 5767 2049 5836 monasterio
