4400 6384
397 301 464 366 394
981 293 1049 348 1301
1068 291 1146 361 April
1166 293 1201 347 29
1220 323 1253 332 -
1274 291 1342 346 1301
1361 289 1428 346 Juni
1447 291 1472 344 b.

396 497 437 559 de
467 493 548 559 Alta
577 495 685 572 domo,
721 488 863 556 Sifridus
894 492 934 555 de
964 487 1178 571 Gysenbeim,
1211 488 1382 554 Cunradus
1413 485 1643 567 Burneilecke,
1675 487 1847 552 Cunradus
1878 488 1917 550 de
1947 485 2044 566 Spita,

397 597 582 666 Markolius
606 601 646 664 de
669 595 845 677 Lintheim,
877 596 1073 677 Rudegerus
1097 601 1130 660 et
1155 592 1351 658 Ludewicus
1375 595 1415 658 de
1438 591 1656 673 Holczhusen,
1681 593 1851 658 Jobannes
1875 592 2043 674 Goltstein,

397 703 532 785 scabini,
558 711 591 770 et
615 723 712 784 quam
735 701 846 784 plures
870 700 927 766 alii
942 700 1031 767 cives
1047 699 1379 766 Frankinvordenses
1395 698 1558 782 fidedigni.
1606 698 1646 763 In
1663 699 1754 765 cuius
1771 697 1819 764 rei
1834 697 2044 764 testimonium

396 831 456 877 nos
474 863 480 875 .
500 863 506 875 .
524 810 685 876 scultetus
715 816 749 874 et
766 861 772 872 .
792 860 798 872 .
817 807 945 874 scabini
973 806 1133 873 antedicti
1164 809 1206 872 ad
1237 813 1389 890 rogatum
1421 805 1568 888 parcium
1590 805 1795 888 presencium
1819 804 1963 888 sigillum
1985 804 2045 868 uni-

397 917 566 984 versitatis
590 923 702 981 nostre
726 914 934 997 presentibus
958 913 1109 978 duximus
1133 915 1391 994 appendendum.
1433 913 1553 979 Actum
1569 932 1654 978 auno
1672 911 1793 978 domini
1808 913 1847 976 ni.
1862 905 1925 977 cc'c.
1940 910 2043 993 primo,

396 1021 482 1089 feria
506 1030 602 1089 sexta
625 1021 773 1104 proxima
797 1027 874 1086 ante
898 1019 1092 1086 dominicam
1116 1019 1246 1085 Judica.

612 1163 658 1218 Or.
672 1163 760 1230 Ppmt.
798 1163 860 1216 Dor
878 1160 1057 1230 aabdnpende
1075 1161 1163 1229 Siepel
1181 1161 1217 1214 iat
1235 1161 1396 1229 abpefallen.
1434 1161 1473 1214 St.
1486 1161 1521 1214 A.
1536 1161 1681 1230 Morburp.
1702 1191 1735 1200 —
1756 1160 1914 1226 Grotesend.

611 1251 710 1306 Getta:
728 1250 846 1319 Reimer,
866 1251 910 1318 11,
930 1253 955 1318 3,
968 1249 1038 1304 norb
1056 1249 1116 1302 dem
1138 1249 1183 1304 Or.
1205 1290 1210 1302 .

398 1521 489 1597 783.
512 1529 706 1594 Schultlteiss
735 1526 891 1590 Heinrich
921 1526 987 1589 tend
1016 1525 1066 1590 die
1089 1525 1237 1607 Sebriffen
1268 1547 1326 1591 rou
1350 1525 1384 1590 F
1382 1527 1534 1609 ronlfrot
1565 1527 1774 1606 beurlrunden,
1804 1527 1883 1592 dass
1907 1527 2043 1610 Ludo-ip,

511 1637 622 1700 denseo
645 1633 739 1698 Fron
764 1632 905 1697 Paulino
936 1633 1001 1696 rieul
1031 1633 1125 1697 deren
1148 1633 1235 1697 Solo
1261 1654 1322 1696 arcs
1345 1638 1443 1697 crater
1465 1632 1535 1698 Ele
1558 1634 1722 1698 Jobanaes
1745 1634 1815 1697 dem
1839 1633 1872 1696 F
1872 1635 2046 1716 ranlfroter

511 1741 722 1823 Stiftslrupr'tel
746 1741 813 1804 ihre
828 1739 1044 1822 Bese‘trrurpru
1066 1761 1108 1802 arc
1123 1739 1244 1804 Rertdel
1259 1741 1416 1804 rermoclrt
1442 1741 1505 1804 clod
1528 1741 1637 1822 feriter
1659 1745 1750 1804 under
1772 1742 1839 1805 siclt
1863 1744 1965 1824 airzipa
1981 1741 2044 1803 l'rr·

514 1847 846 1932 preparare-bubalam
869 1846 1016 1930 peorclnrt
1039 1847 1149 1911 leuben.
1199 1851 1284 1911 1301
1310 1845 1407 1928 April
1430 1852 1484 1911 29.

504 1991 571 2055 Nos
595 1987 758 2055 Henricus
782 1987 943 2054 scultetus
974 1995 1008 2053 et
1031 2040 1037 2052 .
1058 2041 1064 2052 .
1089 1987 1217 2054 scabini
1242 1990 1281 2052 de
1306 1989 1557 2070 Frankenvord,
1582 1995 1697 2055 tenore
1720 1989 1921 2070 presentium
1944 2009 2045 2072 recog-

398 2097 570 2177 noscimus,
595 2095 718 2179 quotdj
743 2093 968 2166 Lulldewicus
992 2101 1026 2160 et
1041 2094 1190 2175 Paulina,
1215 2113 1298 2160 uxor
1322 2093 1392 2159 eius
1415 2094 1587 2177 legittima,
1613 2102 1645 2162 et
1662 2097 1843 2178 lohannes,
1868 2097 1954 2162 filius
1972 2096 2046 2162 eius-

398 2207 471 2270 dem
493 2203 640 2283 Pauline,
664 2202 698 2267 in
722 2200 829 2265 nostri
857 2201 1029 2282 presencia
1061 2201 1235 2266 constituti
1265 2199 1567 2284 relr'oognoverunt,
1600 2223 1635 2268 se
1666 2203 1775 2268 omnia
1804 2205 1891 2269 bona
1921 2203 2046 2270 invilla

398 2310 544 2376 Rendele
568 2309 643 2388 sita,
669 2328 730 2388 que
755 2305 878 2388 prelati
900 2307 1096 2373 Ludewicus
1121 2314 1154 2372 et
1176 2307 1316 2373 Paulina
1340 2313 1456 2373 contra
1474 2306 1628 2374 Siiridum
1653 2309 1775 2375 dictum
1795 2309 1819 2382 ll
1837 2312 1876 2375 de
1899 2309 2044 2384 Rendele,

399 2419 560 2498 quondam
583 2414 748 2481 concivem
778 2421 935 2494 nostrum,
965 2414 1052 2479 iusto
1077 2413 1250 2496 emptionis
1274 2413 1371 2479 titulo
1396 2423 1680 2497 comparaverunt,
1706 2415 1952 2482 honorabilibus
1974 2415 2045 2480 viris

399 2522 561 2588 dominis.
582 2573 587 2585 .
606 2524 730 2586 decano
755 2525 788 2584 et
807 2571 813 2583 .
833 2571 839 2584 .
858 2518 1002 2601 capitulo
1033 2519 1170 2585 ecclesie
1195 2520 1527 2586 Frankenvordensis
1557 2524 1746 2604 donassent,
1779 2521 1992 2588 tradidissent
2018 2527 2045 2584 et

399 2627 615 2694 contulissent
639 2646 697 2708 pro
722 2625 864 2691 remedio
889 2625 1071 2691 animarum
1095 2645 1228 2692 suarum
1253 2633 1413 2709 perpetuo
1437 2627 1508 2692 iure
1533 2628 1751 2710 proprietario
1777 2628 1981 2710 possidenda,
2005 2628 2048 2691 ita

399 2742 518 2816 tamen,
543 2736 629 2815 quod
652 2732 777 2814 prefati
794 2785 800 2796 .
820 2785 826 2797 .
845 2736 990 2798 decanus
1014 2740 1047 2797 et
1065 2786 1071 2797 .
1091 2785 1097 2796 .
1117 2733 1296 2813 capitulum
1321 2752 1431 2798 omnes
1455 2731 1584 2800 fructus
1605 2742 1639 2800 et
1654 2743 1844 2817 proventus
1870 2735 1926 2817 qui
1943 2737 2047 2800 cedere

399 2849 433 2907 et
456 2841 600 2907 derivari
623 2847 778 2921 poterunt
802 2840 959 2906 debonis
982 2840 1181 2920 memoratis
1207 2840 1323 2906 tollent
1347 2847 1380 2906 et
1397 2840 1556 2922 recipient
1573 2849 1607 2907 et
1621 2841 1702 2923 ipsis
1718 2842 1905 2922 Ludewico,
1922 2841 2049 2907 Pauline

399 2956 433 3014 et
456 2947 601 3014 Jolranni
625 2947 786 3027 equaliter
809 2947 903 3012 iuxta
926 2947 1113 3029 porcionem
1137 2966 1258 3028 eorum,
1284 2947 1459 3027 quemlibet
1481 2967 1538 3029 pro
1557 2967 1617 3014 sua
1633 2949 1739 3014 tercia
1755 2956 1849 3029 parte
1867 2949 2049 3030 contingen-

399 3062 475 3135 tem,
499 3054 733 3119 ministrabunt
757 3055 942 3120 eorumdem
967 3054 1145 3135 Ludewici,
1169 3054 1307 3120 Pauline
1339 3062 1372 3119 et
1395 3053 1558 3120 ,Iohannis
1590 3054 1743 3137 periculis
1773 3064 1806 3120 et
1837 3055 1998 3138 expensis,
2021 3061 2050 3118 et

398 3161 478 3243 ipsis
491 3161 597 3226 tribus
614 3160 762 3242 personis
778 3161 832 3227 vel
848 3160 990 3244 alterittl
1007 3180 1117 3225 eorum
1135 3159 1308 3240 defunctis,
1328 3181 1387 3226 sua
1404 3161 1509 3227 tercia
1524 3180 1602 3243 pars
1617 3161 1719 3226 libere
1736 3167 1896 3243 perpetuo
1912 3160 2051 3228 manebit

399 3270 487 3350 apud
505 3319 511 3332 .
530 3320 536 3331 .
554 3269 713 3332 decanum
738 3272 771 3332 et
789 3319 794 3330 .
816 3319 821 3330 .
840 3266 1019 3347 capitulum
1044 3266 1211 3348 predictos
1236 3266 1318 3332 etin
1335 3266 1564 3333 anniversario
1582 3267 1727 3333 eiusdem
1742 3287 1883 3349 persone
1899 3275 1932 3334 et
1949 3287 2052 3334 eorum

399 3373 599 3458 singulorum
624 3393 682 3454 pro
708 3372 888 3455 presenciis
911 3372 1210 3438 ministrabuntur.
1231 3425 1237 3438 .
1256 3373 1424 3439 canonicis
1450 3381 1483 3439 et
1502 3426 1507 3438 .
1528 3425 1534 3438 .
1553 3373 1686 3440 vicariis
1705 3373 1841 3440 ecclesie
1858 3375 2051 3457 supradicte.

398 3481 556 3545 Preterea
579 3478 852 3561 recognoscimus
878 3481 1002 3559 quottll
1027 3477 1179 3560 prelatus
1196 3479 1366 3545 Jolrannes
1390 3478 1591 3562 recognovit,
1617 3499 1652 3546 sc
1676 3483 1786 3546 decem
1810 3501 1941 3547 marcas
1960 3484 2053 3546 dena-

399 3587 520 3652 riorum
544 3585 792 3667 coloniensium,
818 3585 924 3650 tribus
947 3585 1147 3650 hallensibua
1171 3605 1229 3668 pro
1248 3586 1435 3652 Coloniensi
1451 3587 1586 3653 denario
1602 3587 1809 3669 computatis
1835 3587 2053 3664 aLudewico,

398 3693 517 3761 vitrico
541 3711 599 3758 suo
624 3691 781 3773 predicto,
806 3691 841 3757 in
865 3698 1037 3758 numerata
1061 3692 1200 3773 pecunia
1216 3693 1392 3774 recepisse,
1420 3713 1502 3774 quas
1519 3691 1623 3758 eidem
1639 3692 1779 3763 tradidit
1795 3696 1836 3760 ob
1853 3701 2053 3761 contractum

398 3797 608 3879 matrimonii,
641 3817 699 3880 pro
730 3799 847 3879 quibus
877 3800 988 3864 decern
1018 3799 1138 3864 marcis
1170 3798 1380 3880 supradictus
1412 3799 1619 3883 Ludewicus,
1652 3800 1681 3866 si
1710 3799 1894 3882 Paulinam,
1926 3819 2055 3866 uxorem

399 3905 478 3987 eius,
503 3904 735 3987 supervixerit,
761 3908 872 3970 decem
902 3925 1031 3970 marcas
1061 3905 1269 3972 denariorum
1293 3905 1532 3972 Coloniensr'uru
1562 3905 1772 3988 preaccipiet,
1797 3915 1832 3973 et
1856 3908 1956 3974 aliam
1982 3908 2052 3972 sub

400 4011 570 4092 stanciani,
589 4019 657 4076 tam
675 4011 708 4076 in
731 4010 914 4092 mobilibus
940 4031 1036 4092 quam
1051 4011 1086 4077 in
1100 4012 1329 4093 immobilibus,
1347 4013 1433 4077 idem
1449 4013 1644 4080 Ludewicus
1661 4019 1695 4078 et
1710 4014 1734 4079 J
1735 4015 1883 4080 ohannes
1900 4014 2058 4095 equaliter

399 4119 555 4199 divident,
581 4139 620 4183 ac
643 4119 714 4201 ipse
731 4118 927 4184 Ludewicus
952 4121 1089 4199 domum,
1116 4139 1212 4200 quam
1236 4140 1322 4185 nunc
1345 4119 1543 4200 inhabitant,
1569 4122 1611 4186 ad
1636 4127 1763 4202 tempus
1787 4119 1856 4186 vite
1881 4141 1939 4186 sue
1957 4118 2058 4202 possi-

399 4226 490 4291 debit
513 4232 547 4291 et
570 4225 695 4291 tenebit
720 4227 789 4291 sine
814 4224 1016 4292 alieuacione
1040 4233 1073 4291 et
1098 4227 1300 4308 vendicione,
1326 4233 1359 4292 et
1383 4226 1456 4309 ipso
1473 4225 1648 4292 Ludewico
1673 4225 1828 4293 defuncto
1853 4227 1930 4310 ipsa
1950 4229 2059 4292 domus

399 4335 441 4396 ad
477 4332 673 4413 prelibatum
707 4334 894 4398 Joliannem
930 4333 1033 4398 libere
1069 4333 1272 4401 devolvetur.
1335 4333 1376 4397 In
1412 4353 1547 4414 quorum
1583 4333 1724 4398 omnium
1760 4332 1988 4399 testimonium
2021 4333 2060 4398 ad

399 4445 550 4522 rogatum
579 4438 726 4521 parcium
751 4440 1054 4520 suprascriptarum
1078 4439 1220 4524 sigillum
1244 4439 1472 4506 universitatis
1498 4439 1828 4506 Frankenvordensis
1853 4440 2060 4522 presentibus

402 4546 554 4612 duximus
578 4549 838 4627 appendendum.
892 4548 1013 4611 Actum
1037 4566 1123 4611 anno
1149 4545 1270 4612 domini
1294 4547 1333 4611 di.
1356 4542 1421 4611 cic.
1445 4546 1557 4626 primo,
1583 4525 1646 4611 Ill.
1669 4546 1829 4612 kalendas
1852 4547 1945 4612 maii.

612 4688 668 4742 Die
684 4688 814 4742 Urtrorde
838 4687 874 4740 iat
900 4687 931 4740 in
955 4688 1021 4740 erra
1044 4688 1277 4755 pleiclrlouleuden
1295 4687 1530 4756 Arrsserdipuupen
1551 4687 1706 4740 oorbundeu
1726 4687 1776 4749 (St.
1791 4690 1826 4740 A.
1843 4687 1894 4740 Fr.
1911 4688 2013 4741 Burtb.
2026 4687 2061 4740 St.

666 4777 719 4830 No.
733 4779 822 4830 soora
841 4794 867 4829 u.
882 4778 918 4842 b).
952 4776 1011 4830 Iler
1028 4777 1088 4830 bier
1106 4779 1236 4846 pepebene
1255 4777 1350 4830 Drucl
1368 4777 1404 4828 ist
1423 4777 1492 4829 norb
1512 4775 1672 4830 Naaoano.
1705 4775 1757 4828 No.
1768 4779 1867 4843 3034a,
1886 4777 2007 4840 moruus
2019 4777 2064 4828 der

666 4865 761 4918 Druck
781 4866 822 4917 bei
841 4867 884 4930 13,
904 4869 958 4919 338
977 4867 1079 4931 berulrt,
1107 4867 1141 4919 ist
1167 4867 1288 4919 eienrlicb
1313 4866 1425 4919 sclrlcclrt
1452 4866 1580 4930 erltolteo,
1607 4864 1651 4916 die
1676 4865 1844 4918 erlosclrrneo
1863 4863 2063 4930 Schrislatellen

665 4955 730 5008 sind
748 4971 799 5008 con
819 4955 893 5008 einer
911 4961 1039 5024 apoterea
1052 4955 1141 5008 Haud
1159 4955 1329 5024 unpeacbielct
1348 4954 1504 5022 auspesodt
1525 4953 1576 5007 dua
1596 4953 1637 5006 bei
1656 4953 1672 5006 b
1690 4958 1773 5007 eleros
1792 4953 1969 5023 bercbddipte
1981 4953 2065 5022 Siepel

666 5045 733 5108 seltlt
753 5043 794 5096 bei
813 5061 839 5096 a.

611 5134 739 5204 Auoaeup:
763 5133 888 5200 limmat,
910 5131 1036 5199 Oberbof,
1056 5135 1116 5186 444.

617 5223 712 5278 Vera:
731 5221 837 5292 Scriba
855 5222 900 5290 II,
919 5223 972 5276 No.
987 5226 1049 5276 902.

400 5496 491 5570 784.
515 5505 626 5567 tilbert
658 5503 724 5566 tritri
759 5503 870 5566 (Iessea
904 5501 999 5566 Fron
1036 5499 1191 5563 adelbeid
1227 5500 1409 5563 rrrmoclreu
1443 5499 1511 5564 dom
1545 5498 1693 5583 Heilipen
1729 5497 2005 5581 Gelai-Hospr'tul
2036 5503 2065 5562 in

515 5610 549 5673 F
550 5610 700 5691 roalfurt
729 5614 818 5674 einen
838 5610 981 5694 Vierliap
1006 5607 1188 5689 jdluliclren
1213 5606 1325 5672 Zinses
1353 5628 1413 5671 coa
1437 5608 1533 5672 ibreio
1557 5605 1671 5672 House
1694 5606 1806 5670 iader
1828 5606 2065 5692 Schrrurposse.

516 5722 602 5781 1301
626 5718 709 5782 <leviri
732 5723 762 5781 5.
