4400 6384
389 299 454 364 326
889 299 956 353 1294
976 296 1166 366 September?
1186 329 1221 340 -—
1241 300 1309 354 1294
1328 299 1484 367 September
1502 299 1545 354 29.

390 494 525 561 ecclesie
542 501 656 560 sancte
673 493 777 560 Marie
793 493 817 566 lt
831 494 863 560 in
880 495 1086 578 Babenberg,
1112 500 1152 561 de
1169 494 1361 576 quibusdam
1378 497 1477 579 agris,
1504 501 1590 579 apud
1606 497 1713 580 ipsam
1729 496 1853 563 curiam
1868 498 2036 580 Ryedereo

389 603 471 684 sitis
498 621 593 682 anno,
614 599 785 682 liquando
817 601 910 684 siligo
939 601 971 666 in
1003 601 1083 684 ipsis
1114 603 1204 684 agris
1234 601 1345 668 iuerat
1375 603 1546 684 seminata,
1576 625 1634 670 sex
1665 605 1880 671 summerinos
1904 605 2035 688 siliginis

388 707 718 775 Frankenvordensis
748 727 916 788 mensure,
949 709 1098 789 sequenti
1128 729 1207 775 vero
1239 730 1335 789 anno,
1367 713 1496 790 quando
1528 730 1635 778 avena
1657 710 1690 776 in
1715 710 1795 792 ipsis
1818 710 1909 794 agris
1932 709 2036 777 iuerat

389 815 564 894 seminata,
596 833 654 880 sex
685 813 865 879 sumerinos
896 834 1018 896 avene;
1052 816 1154 880 tercio
1185 822 1295 881 autern
1326 835 1421 897 anno,
1457 820 1587 898 quando
1617 817 1687 882 sine
1717 815 1868 900 frugibus
1898 815 2034 893 inerant,

388 921 489 987 nichil
513 922 663 988 solvebat
687 923 726 985 de
750 920 881 986 eisdem.
921 921 1015 986 Nune
1040 928 1150 988 autern
1173 928 1334 988 venerunt
1358 923 1400 987 ad
1423 943 1474 988 me
1497 921 1604 989 irater
1621 921 1791 1004 RodoliuS,
1817 931 1934 989 cantor
1957 925 2035 990 eius·

388 1031 460 1094 dem
491 1027 690 1107 monasterii,
717 1033 750 1092 et
780 1025 886 1092 frater
901 1026 1075 1110 Wilberus,
1109 1048 1287 1095 conversus
1318 1028 1461 1094 eiusdem
1491 1030 1691 1110 monasterii,
1725 1037 1758 1095 et
1789 1037 1939 1097 emerunt
1970 1052 2035 1113 pre·

388 1132 494 1200 fatam
524 1133 712 1216 pensionem
741 1134 940 1200 monasterio
964 1154 1022 1200 suo
1047 1134 1195 1217 predicto
1218 1135 1289 1200 inre
1314 1135 1532 1217 proprietario
1557 1139 1731 1202 tenendam
1755 1143 1789 1202 et
1813 1137 2033 1218 possidendam

388 1242 489 1308 libere
520 1249 553 1307 et
584 1241 743 1307 absolute.
798 1242 914 1307 Testes
945 1242 1040 1307 buius
1070 1241 1272 1309 vendicionis
1302 1248 1395 1307 sunt:
1427 1243 1598 1308 Johannes
1629 1245 1669 1308 de
1691 1243 1840 1324 Wedere,
1873 1245 2033 1309 Corradus

388 1350 516 1414 Alleum
533 1367 633 1431 gener
650 1347 793 1413 eiusdem
809 1349 832 1414 J
834 1348 981 1428 ohannis
1002 1351 1172 1414 Conradus
1188 1348 1343 1431 lapicida,
1361 1350 1506 1430 Gebena,
1524 1355 1557 1414 et
1573 1349 1737 1415 Henricus
1753 1349 1862 1415 dictus
1883 1351 2031 1426 Schelmo,

389 1463 422 1521 et
446 1455 502 1521 alii
525 1475 621 1536 quam
646 1455 754 1536 plures
771 1454 925 1538 fidedigni
941 1455 1029 1522 cives
1045 1457 1392 1523 Frankenvordenses.
1440 1457 1479 1521 In
1495 1455 1587 1522 cuius
1603 1455 1806 1522 vendicionis
1822 1457 2033 1522 testimonium

389 1570 559 1644 presentes
581 1561 712 1628 litteras
737 1561 838 1627 scribi
861 1563 949 1629 volui
972 1569 1006 1628 et
1030 1561 1130 1646 sigilli
1151 1562 1215 1628 mei
1230 1562 1429 1644 appensione
1445 1562 1605 1629 roborari.
1652 1564 1772 1628 Actum
1789 1564 2031 1640 Frankenvord,

389 1688 474 1734 anno
499 1668 620 1734 domini
643 1669 811 1734 millesimo
836 1669 1057 1734 ducentesimo
1082 1669 1294 1753 nonagesimo
1318 1677 1446 1750 quarto,
1472 1669 1577 1750 pridie
1600 1687 1704 1734 nonas
1728 1669 1934 1750 septembris.

601 1810 663 1864 Dae
677 1809 806 1879 Oripr'nel
823 1827 882 1864 war
900 1810 931 1864 in
945 1810 1014 1864 Dicb
1026 1811 1100 1864 niebt
1115 1810 1301 1877 arrsenfinden,
1321 1810 1406 1864 daber
1423 1810 1459 1864 ist
1472 1811 1520 1864 der
1533 1809 1629 1864 Druck
1642 1809 1709 1878 Bo,
1727 1813 1789 1874 288,
1807 1810 1867 1863 bier
1879 1811 2033 1864 wiederbolt.

606 1899 699 1952 Vera:
717 1900 817 1954 Arneb.
836 1899 927 1967 Urna,
945 1903 1007 1966 218,
1037 1898 1142 1965 Scriba,
1161 1899 1205 1960 11.
1226 1899 1278 1953 No.
1292 1902 1353 1951 850.

388 2203 479 2279 658.
502 2213 696 2278 Sebnltbeiss
716 2212 837 2277 Volrod
866 2212 932 2276 nord
962 2212 1012 2276 die
1042 2211 1186 2293 Sebbffen
1218 2233 1277 2276 ron
1302 2212 1485 2293 Fronbfrot
1512 2213 1721 2290 berrrlnnden,
1746 2213 1824 2277 dass
1847 2212 2032 2295 blorpuord,

503 2319 648 2384 Dccbnnt
663 2341 705 2383 on
721 2320 777 2382 cler
796 2317 1031 2382 Morienbircbe
1042 2341 1082 2381 en
1099 2318 1273 2402 Banaberp,
1289 2320 1340 2384 die
1356 2321 1460 2384 btrber
1478 2341 1545 2384 rora
1559 2320 1674 2384 Reirbe
1689 2341 1730 2382 eu
1743 2319 1848 2384 Leben
1863 2321 2034 2384 besessencn

504 2426 758 2490 lllr'r'blenwdsser
788 2430 831 2489 ino
854 2425 950 2489 Mein
979 2425 1026 2488 bei
1049 2424 1082 2487 F
1083 2427 1234 2507 runlrsnrt
1256 2447 1300 2490 on
1322 2427 1433 2490 Albert
1451 2426 1704 2509 Miinrenberyer
1726 2426 1793 2489 renel
1815 2427 1925 2490 dessen
1947 2426 2033 2490 Fron

501 2531 697 2610 Kolborino,
731 2531 861 2596 Tocbter
893 2531 1013 2614 Gyplos
1045 2553 1105 2596 veron
1138 2531 1351 2611 Holzbansen,
1382 2534 1529 2614 cerborrst
1558 2533 1646 2597 tabe.
1692 2531 1756 2596 Die
1779 2531 1912 2613 Kc'infer
1938 2534 2032 2598 baben

501 2641 605 2704 dauon
622 2639 765 2718 jdbrlicb
788 2641 876 2702 einen
901 2637 980 2702 Zins
1004 2658 1046 2702 un
1070 2638 1131 2702 das
1154 2639 1253 2703 nereo
1274 2661 1317 2702 en
1339 2639 1517 2704 entrr'ebten.
1566 2643 1652 2703 1294
1675 2639 1851 2719 September
1877 2643 1904 2702 7.

493 2782 561 2846 Nos
584 2780 748 2846 Volradus
778 2779 938 2845 scultetus
971 2787 1005 2845 et
1027 2833 1032 2844 .
1058 2833 1064 2844 .
1088 2780 1216 2846 scabini
1251 2783 1290 2845 de
1325 2778 1562 2846 Frankiniord.
1610 2779 1783 2848 Universis
1817 2781 1878 2846 bas
1910 2781 2035 2846 litteras

389 2885 535 2973 [visuris]
560 2887 707 2968 cupimus
731 2907 803 2952 esse
827 2893 948 2967 notum,
974 2890 1058 2966 quod
1084 2889 1240 2952 honestus
1256 2887 1308 2952 vir
1324 2887 1472 2952 dominns
1487 2887 1718 2967 Marquarous,
1745 2889 1890 2952 decanus
1906 2887 2034 2952 ecclesie

388 3001 502 3060 sancte
533 2992 638 3058 Mario
669 3000 764 3058 extra
794 3012 904 3058 muros
933 2992 966 3058 in
999 2995 1205 3076 Babenberg,
1238 2993 1272 3058 in
1302 2993 1408 3059 nostri
1438 2993 1611 3076 presencia
1634 2993 1835 3058 constitutus
1859 2992 2037 3059 huiusmodi

389 3119 492 3182 aquas
522 3099 788 3180 molendinorum,
821 3119 904 3180 quas
933 3098 966 3165 in
997 3098 1096 3168 fluvio
1127 3099 1218 3183 Mogi
1240 3098 1466 3166 Frankinlord
1496 3099 1613 3165 babuit
1637 3099 1678 3164 ab
1702 3098 1839 3180 imperio
1863 3108 1897 3165 et
1919 3101 2036 3165 babere

388 3207 630 3286 dinoscebatur,
657 3225 729 3271 cum
753 3205 839 3271 omni
861 3205 942 3286 iure,
968 3225 1030 3287 quo
1053 3206 1145 3287 ipsas
1169 3226 1273 3288 aquas
1296 3206 1452 3289 possedit,
1478 3205 1627 3271 vendidit
1649 3205 1713 3270 rite
1737 3213 1772 3270 et
1794 3205 2038 3272 racionabiliter

388 3313 475 3379 iusto
503 3312 705 3380 vendicionis
736 3312 842 3395 tytulo
868 3313 1004 3378 Alberto
1035 3312 1122 3378 dieto
1146 3313 1412 3396 blintaenberger
1442 3319 1476 3378 et
1499 3312 1691 3395 Katherine,
1723 3311 1789 3377 filie
1816 3312 1978 3396 Gyplonis
2000 3315 2036 3376 de

388 3421 603 3500 Hultzhusen,
629 3417 752 3484 nostris
776 3418 974 3500 concivibus
1000 3439 1125 3484 necnon
1151 3419 1324 3485 heredibus
1348 3421 1523 3484 eorundem
1547 3417 1617 3483 iure
1641 3417 1864 3500 proprietario
1883 3424 2038 3500 perpetuo

388 3525 613 3609 possidendos
640 3525 792 3592 videlicet
816 3525 874 3602 ita,
907 3527 990 3606 quod
1017 3523 1140 3606 prefati
1163 3525 1320 3590 Albertus
1344 3531 1378 3589 et
1401 3523 1587 3589 Katherina
1609 3531 1708 3605 atque
1732 3525 1871 3590 heredes
1896 3524 2038 3606 ipsorum

388 3637 428 3698 de
451 3631 532 3712 ipsis
557 3631 650 3713 aquis
673 3631 929 3697 molendinorum
954 3630 1091 3712 singulis
1116 3630 1211 3696 annis
1233 3630 1267 3695 in
1291 3628 1377 3696 festo
1401 3630 1492 3696 beati
1514 3629 1652 3695 Martini
1674 3630 1804 3696 domino
1820 3632 2039 3697 Romanorum

388 3739 459 3822 regi
483 3744 541 3804 aut
565 3738 634 3804 eius
652 3789 657 3802 .
678 3789 683 3803 .
703 3735 841 3802 officiato
859 3735 1117 3802 Frankiniordie
1141 3736 1309 3819 porrigere
1333 3738 1498 3801 debebunt
1521 3739 1632 3801 decem
1648 3743 1682 3801 et
1698 3743 1771 3802 octo
1790 3737 1943 3803 denarios
1959 3737 2039 3802 leros

389 3852 546 3928 perpetuo
572 3863 688 3910 census
713 3843 880 3926 annualis3
906 3844 1078 3926 resignans
1102 3850 1136 3908 et
1160 3843 1356 3908 renuncians
1378 3843 1464 3908 idem
1488 3841 1636 3908 dominus
1651 3843 1873 3923 Marquardns
1896 3845 2040 3909 decanus

389 3971 498 4018 coram
537 3951 630 4016 nobis
670 3951 756 4017 omni
785 3951 864 4032 iuri,
903 3953 989 4033 quod
1025 3949 1089 4032 ipsi
1125 3950 1159 4016 in
1196 3949 1368 4032 prelibatis
1405 3949 1499 4030 aquis
1536 3949 1790 4015 molendinorum
1832 3952 2039 4032 conpetebat.

388 4059 505 4123 'instes
528 4057 624 4122 huius
648 4063 741 4122 sunt:
767 4057 930 4124 Volradus
954 4056 1115 4122 scultetus
1139 4055 1359 4138 supradictus,
1376 4056 1577 4121 Wernherus
1601 4058 1641 4121 de
1663 4057 1864 4138 Wanebacb,
1889 4055 2041 4140 Spiridus

388 4167 428 4229 dc
453 4162 654 4246 Gysinhcim,
679 4162 874 4228 Ludewicus
899 4165 938 4227 de
962 4162 1178 4243 Hnltahusen,
1205 4162 1347 4244 scabini;
1371 4163 1542 4228 Jobannes
1566 4164 1606 4227 de
1629 4163 1778 4243 Wedere,
1811 4163 1933 4228 Petrus
1956 4163 2042 4228 inter

387 4270 585 4350 Piscatores,
611 4271 781 4334 Cunradus
806 4271 845 4334 de
861 4270 1044 4352 Byberalre,
1071 4277 1105 4335 et
1128 4270 1337 4351 quamplures
1358 4267 1415 4334 alii
1430 4268 1519 4336 cives
1536 4267 1860 4335 Frankiniordenses
1874 4268 2040 4351 fidedigni.

388 4378 427 4442 ln
451 4375 543 4441 cuius
567 4375 615 4441 rei
639 4375 857 4441 testimonium
882 4395 940 4441 nos
965 4375 1125 4441 scultetus
1150 4382 1184 4441 et
1201 4428 1207 4440 .
1227 4427 1233 4440 .
1252 4375 1379 4441 scabini
1402 4375 1570 4456 prenotati
1593 4377 1636 4440 ad
1658 4382 1811 4457 rogatum
1835 4374 2043 4456 prenomina-

389 4491 495 4548 torum
525 4481 655 4548 Alberti
685 4489 718 4548 et
747 4482 928 4548 Katherine
958 4482 1099 4566 sigillum
1129 4481 1358 4548 universitatis
1388 4478 1703 4548 Frankinfordensis
1733 4501 1801 4547 una
1831 4500 1902 4546 cum
1936 4481 2042 4565 sigillo

387 4588 558 4654 memorati
589 4587 709 4654 domini
726 4641 732 4653 .
752 4641 758 4653 ,
777 4588 892 4654 decani
923 4588 1131 4670 presentibus
1161 4588 1311 4653 duximus
1342 4589 1601 4670 appendendum.
1648 4589 1768 4652 Actum
1802 4607 1885 4652 anno
1922 4587 2044 4653 domini

387 4697 427 4761 rb.
450 4691 492 4761 eb.
517 4675 670 4777 xciiii,
695 4695 729 4760 in
751 4695 866 4778 vigilia
888 4695 1077 4761 nativitatis
1100 4697 1198 4761 beate
1222 4693 1327 4760 Marie
1350 4693 1497 4777 virginis

599 4839 741 4904 Abacbrift
759 4839 790 4891 in
809 4838 1164 4904 Liebfranenstift·Bdeber
1182 4839 1235 4891 ll'o.
1248 4840 1293 4903 24,
1314 4837 1341 4892 S.
1355 4839 1397 4889 82.
1435 4837 1474 4890 St.
1488 4837 1522 4890 A.
1537 4837 1588 4892 Fr.

386 5141 479 5219 659.
502 5151 575 5216 Dos
599 5151 808 5233 Stiftslropitcl
836 5172 895 5216 eron
918 5153 962 5215 st.
983 5151 1122 5236 Glopolf
1148 5156 1183 5215 r'n
1206 5151 1321 5216 Maiae
1351 5149 1497 5232 terrorest
1526 5151 1596 5214 clera
1620 5151 1667 5214 bet
1689 5151 1749 5214 cirre
1772 5148 2047 5216 Deutscborrlens·

504 5260 641 5323 brtirlern
666 5259 854 5322 nobnendcn
871 5257 1009 5322 Prieslcr
1025 5258 1178 5323 Heinrich
1206 5264 1247 5323 15
1263 5261 1435 5343 Sebillinpc
1452 5257 1531 5322 Zins
1548 5280 1616 5322 rorn
1632 5257 1745 5322 Hotrse
1762 5257 1844 5321 ann
1858 5257 2047 5323 selmana

503 5365 668 5430 Hermann
692 5368 725 5428 in
749 5363 942 5445 Fronlrfnrt.
991 5369 1076 5427 1224
1101 5366 1276 5445 September
1297 5372 1351 5429 29.

493 5507 560 5570 Nos
584 5507 754 5572 Jolrannes
778 5509 921 5570 decanus
938 5511 972 5570 et
989 5558 996 5570 .
1017 5558 1022 5569 .
1042 5505 1221 5586 capitulum
1238 5505 1375 5571 ecclesie
1391 5505 1499 5571 sancti
1516 5503 1658 5588 Gingolfi
1673 5503 1708 5569 in
1724 5503 1916 5588 Moguncia,
1935 5514 2048 5572 notum

387 5608 526 5676 iacimus
549 5612 711 5679 universis
735 5613 795 5676 lias
818 5613 942 5676 litteras
960 5612 984 5682 ll
1004 5611 1134 5692 visuris,
1161 5615 1244 5692 quod
1268 5613 1472 5679 vendidimus
1488 5610 1573 5676 iuste
1590 5618 1623 5676 et
1639 5611 1889 5677 racionabiliter
1907 5613 2047 5678 honesto

387 5717 458 5784 viro
475 5717 603 5783 domino
619 5717 774 5782 Heinrico
792 5717 957 5782 sacerdoti
973 5719 1136 5798 quondam
1153 5717 1333 5783 celebranti
1348 5717 1382 5782 in
1398 5717 1531 5790 Redilnl
1537 5717 1642 5799 theim,
1660 5715 1822 5783 iratribus
1837 5717 2049 5785 'theutonice
