4400 6384
389 334 453 399 228
1032 326 1100 382 1282
1120 357 1153 366 -
1174 325 1243 380 1283
1263 324 1340 381 littra
1359 324 1383 380 6.

503 533 570 594 seia
593 527 912 611 Jaleresgede‘r'chlniss
944 530 977 591 in
1006 526 1061 591 cler
1089 524 1316 593 Ordeaslee‘rche
1345 524 1487 607 qelvalten
1517 521 1650 601 werden,
1681 521 1777 587 ecober‘
1806 521 1867 587 den
1889 520 2042 587 Breuem

504 640 570 701 ciue
594 634 725 701 Platona
751 656 810 699 oon
840 638 924 699 etner
946 634 1059 699 leulfum
1081 632 1182 698 Maelo
1204 632 1330 713 arefdllt,
1354 632 1422 695 dem
1446 631 1550 712 sptem
1573 631 1648 695 aber
1670 634 1691 693 5
1714 630 1895 714 Schillinqe.
1943 634 2040 694 1282.

601 778 729 846 Auazuq:
747 776 952 845 Niedermoyer,
974 778 1024 829 135
1043 775 1189 829 machetem
1209 772 1579 828 Deuetoelrordens·8oolbucb
1599 797 1631 815 =
1652 772 1769 840 Redones,
1788 772 1814 841 I,
1833 775 1893 826 410.

388 1002 480 1078 473.
503 1012 630 1093 Erpeet,
654 1012 710 1074 dor
734 1010 882 1092 Pfurrer,
908 1009 1097 1075 beorh-undet
1127 1012 1215 1073 einen
1244 1008 1399 1073 eeee'sehen
1430 1008 1492 1071 ihrer
1526 1007 1590 1071 uenl
1618 1008 1686 1071 ‹lern
1711 1007 1951 1085 Schulthee'ssen,
1983 1008 2042 1070 ‹lere-

504 1120 649 1199 Schb'ffea
678 1118 744 1182 renel
767 1118 826 1181 efen
849 1118 1002 1201 Be'e'rqern
1025 1138 1083 1181 eron
1107 1115 1141 1179 F
1140 1117 1291 1197 revolso-rt
1314 1116 1588 1199 ubqesehlcssenen
1606 1114 1769 1198 Vergler‘eh
1793 1114 1961 1195 betreffenel
1983 1115 2043 1177 elme

505 1225 675 1306 Kirelehcs,
706 1226 766 1289 (los
796 1224 1006 1309 vienefpere'eht,
1038 1224 1088 1287 elie
1114 1222 1426 1306 Etdqesefueoreneen,
1457 1222 1508 1285 rfr'e
1531 1221 1790 1305 Hospitofpsleqe,
1822 1222 1872 1285 ele'e
1895 1221 2041 1285 Lee'elnn-

504 1332 633 1417 gehe‘e‘hr,
663 1333 713 1395 dte
743 1331 944 1416 Einpeeueide
973 1333 1028 1396 eles
1057 1329 1299 1408 Sclrlochtoiehs,
1330 1330 1380 1393 elie
1409 1314 1616 1413 liheefeetnnq
1646 1330 1703 1393 der
1731 1328 1907 1412 Fetertaqe.
1956 1334 2042 1393 12⁸3

505 1439 604 1505 Mil-re
627 1444 658 1504 3.

495 1582 568 1665 Ego
591 1582 764 1662 Erpertus,
790 1581 948 1663 plebanus
979 1579 1318 1658 Frankcnvordensis,
1344 1577 1507 1645 universis
1531 1583 1702 1659 presentes
1724 1576 1855 1643 litteras
1880 1577 2041 1643 audituris

391 1689 485 1771 cupio
509 1708 581 1755 esse
604 1694 726 1769 notum,
752 1690 837 1769 quod
862 1706 961 1769 super
985 1686 1159 1767 discordia,
1184 1706 1246 1768 que
1270 1686 1357 1752 inter
1379 1704 1442 1751 me»
1455 1705 1494 1751 ex
1514 1692 1610 1765 parte
1626 1704 1691 1750 una
1712 1691 1745 1749 ct
1763 1683 1788 1757 ll
1808 1739 1813 1749 .
1834 1737 1840 1750 .
1858 1685 2041 1766 scultetum,

391 1796 542 1863 scabinos
573 1802 606 1861 ct
637 1796 725 1862 cives
749 1796 1086 1861 Frankenvordenses
1116 1796 1311 1861 vertebatur
1335 1813 1375 1858 ex
1400 1793 1516 1872 altera,
1542 1792 1601 1856 hcc
1625 1793 1828 1873 subsequens
1852 1792 2042 1874 compositio

389 1902 578 1983 intervenit,
606 1901 769 1982 videlicet,
801 1903 886 1983 quod
918 1920 1010 1984 ego.
1038 1954 1043 1965 .
1070 1904 1229 1967 decanum
1259 1908 1291 1966 et
1324 1899 1503 1981 capitulum
1531 1907 1589 1965 aut
1608 1897 1657 1971 ll.
1685 1953 1691 1963 .
1717 1901 1885 1964 custodem
1908 1899 2042 1965 ecclesie

390 2008 764 2093 Franhenverdensisd)
787 2028 886 2090 super
905 2006 1050 2089 ipsorum
1067 2008 1225 2075 cimiterio
1241 2025 1415 2088 numquam
1431 2005 1605 2088 impediam
1622 2006 1753 2087 auxilio,
1772 2006 1916 2087 consilio,
1935 2026 2042 2088 opere,

391 2117 459 2185 sive
490 2117 601 2193 verbo.
648 2116 732 2180 Item
763 2114 933 2200 synado(t)
965 2122 1023 2181 aut
1053 2114 1329 2195 accusationibus,
1364 2133 1426 2195 que
1456 2113 1539 2178 fiunt
1565 2112 1599 2177 in
1625 2114 1808 2198 synadod),
1829 2112 1853 2184 d
1870 2133 2044 2194 numquam

390 2223 550 2304 interero,
592 2224 768 2288 secundum
807 2221 1057 2304 pronuntiatam
1097 2222 1298 2288 sentenciam
1338 2220 1568 2286 canonicorum
1607 2227 1640 2285 et
1682 2220 1898 2286 scabinorum.
1961 2222 2044 2286 Item

391 2350 564 2412 numquam
595 2330 792 2395 constituam
824 2328 876 2395 vel
906 2328 1032 2395 habebo
1063 2328 1218 2410 homines,
1251 2328 1306 2410 qui
1334 2326 1491 2394 eitsvcrin
1522 2326 1704 2410 vulgariter
1735 2327 1956 2409 appellantur,
1989 2330 2044 2393 sed

392 2437 518 2505 scabini
560 2442 698 2519 possunt
740 2443 773 2502 et
808 2437 928 2501 debent
962 2437 1118 2502 honestos
1153 2434 1299 2503 homines
1334 2433 1552 2515 constituere,
1593 2434 1647 2515 qui
1686 2434 1839 2500 dicuntur
1877 2435 2044 2514 eitsverin,

393 2551 427 2611 et
460 2543 509 2610 illi
543 2545 663 2608 debent
701 2541 789 2608 festa
823 2542 948 2609 violata
987 2560 1145 2608 accusare
1179 2542 1260 2623 ipsis
1296 2540 1457 2621 scabinis,
1498 2540 1651 2621 quociens
1690 2543 1732 2606 ab
1767 2541 1888 2607 eisdem
1922 2540 2046 2608 fuerint

393 2651 558 2733 requisiti,
595 2655 628 2715 ct
667 2652 706 2715 de
744 2648 807 2715 biis
846 2668 906 2731 ego
942 2649 1101 2730 plebanus
1136 2648 1304 2730 predictus
1338 2649 1466 2713 habebo
1502 2646 1763 2713 satisfactionem
1798 2655 1832 2714 et
1866 2652 2045 2729 emendam,

393 2778 488 2841 quam
532 2756 630 2822 michi
672 2756 849 2823 dictaverit
892 2754 1060 2821 sentencia
1104 2756 1327 2836 scabinorum,
1368 2762 1402 2821 et
1448 2754 1496 2820 sic
1535 2775 1595 2838 ego
1634 2774 1809 2836 numquam
1847 2756 2047 2821 constituam

391 2865 546 2947 homines
583 2862 637 2944 qui
668 2862 831 2930 eitsveren
862 2862 1024 2943 dicuntur,
1058 2865 1099 2928 ad
1130 2863 1241 2943 ahqua
1271 2861 1413 2928 artificia
1434 2860 1468 2927 in
1493 2861 1638 2942 civitate,
1664 2861 1717 2927 vel
1746 2869 1842 2927 extra
1866 2862 2044 2941 civitatem,

393 2974 660 3055 quemadmodum
684 2976 735 3036 est
759 2969 950 3051 predictum.
987 2970 1071 3035 Item
1104 2972 1143 3035 de
1167 2976 1276 3035 cetero
1300 2988 1366 3035 non
1390 2988 1445 3034 ero
1469 2976 1590 3049 rector,
1616 2988 1673 3035 seu
1698 2968 1848 3049 provisor
1871 2969 2046 3052 hospitalis

392 3078 500 3146 sancti
539 3076 680 3159 Spiritus
720 3076 754 3141 in
793 3077 1096 3162 Frankenverdql),
1138 3082 1196 3142 aut
1239 3079 1352 3141 domus
1395 3075 1613 3156 leprosorum,
1659 3074 1740 3157 ipsis
1781 3083 1909 3156 tamen,
1950 3086 2046 3159 prout

391 3187 511 3252 iustum
537 3183 646 3265 fucrit,
672 3183 916 3249 communicabo
939 3182 973 3247 in
997 3182 1231 3249 ecclesiasticis
1256 3181 1482 3248 sacramentis.
1519 3184 1602 3248 Item
1627 3183 1734 3248 altare
1758 3189 1816 3248 aut
1840 3187 2046 3249 sacerdotem

393 3292 515 3376 prefati
544 3290 717 3372 hospitahs
744 3309 919 3370 numquam
951 3289 1134 3371 Impediam,
1169 3292 1225 3354 sed
1258 3288 1328 3370 ipse
1362 3291 1517 3354 sacerdos
1548 3289 1582 3354 in
1616 3288 1749 3355 summis
1780 3297 1922 3370 quatuor
1955 3289 2046 3356 festi·

392 3399 552 3467 vitatibus
575 3417 640 3463 non
665 3396 853 3475 celebrabit,
879 3402 1054 3477 antequam
1078 3396 1179 3461 missa
1202 3415 1272 3461 mee
1297 3396 1469 3478 parrochie
1489 3394 1591 3461 fuerit
1607 3396 1784 3462 celebrata.
1820 3397 1905 3462 Item
1921 3405 2046 3479 septem

393 3507 513 3574 sohdos
528 3504 634 3571 minus
651 3506 776 3570 duobus
789 3502 932 3569 denariis
947 3523 1121 3584 numquam
1137 3503 1298 3570 violenter
1314 3501 1478 3583 requiram
1497 3504 1538 3569 ab
1555 3502 1738 3569 homiuibus
1755 3510 1891 3585 propter
1907 3524 2046 3585 corpora

394 3621 604 3680 mortuorum.
644 3612 728 3677 Item
752 3611 882 3694 linguas
905 3612 1011 3692 boum,
1037 3611 1208 3676 stomacho
1231 3628 1412 3692 porcorum,
1432 3610 1544 3691 capita
1559 3609 1677 3691 ovium,
1703 3616 1760 3675 aut
1777 3610 1843 3675 alia
1859 3610 2046 3676 animahum

393 3720 553 3787 intestina
584 3722 624 3785 de
653 3724 762 3784 cetero
787 3738 807 3783 a
831 3716 1038 3783 carnificibus
1061 3737 1126 3783 non
1151 3716 1324 3799 requiram,
1350 3719 1417 3797 sed,
1443 3717 1471 3782 si
1494 3715 1582 3782 festa
1605 3716 1812 3799 violaverint,
1837 3716 2045 3784 satisfacient

394 3835 428 3894 et
452 3827 672 3893 emendabunt
696 3827 871 3891 secundum
897 3822 1097 3890 sentenciam
1121 3823 1337 3889 scabinorum.
1374 3824 1458 3889 Item
1482 3844 1540 3905 pro
1562 3823 1648 3889 festo
1665 3823 1788 3890 violato
1803 3824 1837 3889 in
1854 3844 2045 3907 quoeunque

395 3933 533 4001 artificio
567 3952 631 3999 non
664 3930 828 4013 requiram
861 3931 1003 4011 aliquam
1037 3929 1308 4007 satisfactionem,
1342 3932 1395 3997 vel
1430 3934 1607 4011 emendam,
1641 3930 1705 3996 nisi
1736 3950 1834 4012 quam
1868 3932 2046 4000 dictaverit

394 4040 563 4108 sentencia
587 4038 802 4105 scabinorum.
840 4039 924 4104 Item
948 4039 1105 4103 honestas
1130 4036 1382 4104 consuetudines
1399 4036 1526 4104 civibus
1543 4038 1918 4105 Frankenvordcnsibus
1936 4042 2046 4105 obser·

392 4154 490 4215 votas
514 4148 673 4212 hactenus
698 4146 889 4212 observabo.
925 4146 997 4210 Hec
1021 4144 1129 4210 omnia
1153 4150 1185 4209 et
1210 4144 1339 4227 singula
1363 4144 1556 4226 supradicta
1578 4144 1713 4227 promisi
1726 4146 1814 4211 bona
1828 4146 1892 4211 fide
1908 4146 2045 4212 inviola-

393 4254 502 4320 biliter
526 4254 703 4319 observare
727 4253 786 4317 sub
811 4270 896 4333 pena
924 4258 1054 4317 centum
1087 4270 1271 4317 marcarum
1302 4271 1323 4317 a
1352 4270 1402 4316 me
1494 4251 1644 4332 sculteto,
1679 4250 1824 4317 scabinis
1854 4258 1888 4317 et
1918 4252 2045 4319 cluibus

393 4358 768 4427 Frankenvordensibus
801 4358 1040 4439 solvendarum,
1075 4357 1105 4423 si
1137 4356 1248 4439 ahqua
1279 4357 1333 4424 vel
1365 4357 1487 4437 ahquid
1518 4354 1684 4440 infregere
1718 4357 1958 4439 premissorum.
2006 4361 2045 4424 ln

394 4467 485 4534 cuius
501 4466 549 4532 rei
565 4464 785 4532 testimonium
803 4464 911 4548 sigilla
925 4464 1164 4531 honorabilium
1180 4463 1335 4545 virorum,
1351 4517 1357 4529 .
1378 4516 1383 4527 .
1402 4463 1521 4545 prioris
1537 4470 1570 4529 et
1582 4461 1724 4529 fratrum
1736 4464 2016 4547 Predicatorum,.
2036 4520 2042 4531 .

393 4572 544 4658 gurdiani
568 4578 601 4637 et
625 4571 766 4637 fratrum
788 4571 949 4637 hlinorum
974 4570 1008 4636 in
1024 4571 1265 4637 Frankenvord
1289 4590 1355 4636 una
1380 4589 1451 4635 cum
1474 4590 1544 4636 meo
1562 4570 1669 4654 sigillo
1686 4571 1818 4652 proprio
1835 4574 2046 4653 presentibus.

393 4688 470 4747 sunt
493 4698 648 4762 appensa.
670 4681 789 4745 Actum
806 4686 839 4744 et
855 4682 967 4744 datum
984 4698 1069 4745 anuo
1087 4677 1207 4743 domini
1223 4677 1390 4743 millesimo
1408 4698 1454 4742 cc.
1468 4678 1479 4743 l
1491 4678 1603 4743 XXX.
1620 4677 1733 4757 tercio,
1743 4680 1782 4743 V.
1797 4698 1901 4744 nonos
1916 4680 2044 4745 marcii.

608 4824 653 4878 Or.
668 4824 754 4893 qunt.
792 4823 966 4893 Arrhdnqend
990 4826 1018 4889 1)
1037 4822 1125 4891 Sfeqel
1143 4822 1189 4875 dea
1210 4821 1371 4875 (inordinare
1389 4822 1437 4874 der
1449 4820 1611 4886 illidentem,
1630 4825 1661 4887 2)
1681 4822 1726 4875 dea
1739 4820 1839 4875 Pn'ors
1856 4821 1904 4875 der
1917 4822 2050 4876 Domini·

657 4912 750 4979 hervee,
776 4914 804 4973 3)
819 4912 864 4965 des
877 4911 1010 4977 Pfurrers
1023 4912 1136 4980 Erpert,
1150 4910 1240 4965 deuon
1252 4914 1281 4977 2)
1295 4910 1425 4979 sinatfelt,
1438 4914 1467 4975 3)
1481 4910 1558 4964 storf·
1571 4910 1732 4979 hesclrdde'qt.
1770 4910 1810 4964 St.
1821 4912 1855 4964 A.
1869 4911 1920 4964 Fe.
1932 4912 2050 4964 Barth.-

658 5000 697 5054 Se.
712 5000 819 5066 (stdelt.)
840 5000 892 5053 No.
907 5004 968 5054 615.

607 5091 706 5144 Gedr:
724 5090 768 5156 B,
786 5092 838 5142 211
859 5090 928 5142 rruch
947 5090 1004 5143 dem
1028 5090 1073 5144 Or.
1087 5106 1124 5144 eu
1141 5090 1225 5143 Mdra
1244 5094 1286 5142 11.

392 5316 484 5393 474.
507 5323 644 5405 Berfols,
668 5322 808 5404 Biseleos
835 5344 895 5387 eon
918 5322 1106 5406 lll'e'rebeeeq,
1138 5321 1322 5386 malscheidt
1351 5325 1448 5400 eiecere,
1478 5322 1592 5403 fritlam
1622 5344 1678 5386 eor
1706 5322 1774 5387 dem
1798 5321 1981 5387 Deehunfen
2004 5347 2054 5387 an

507 5431 700 5513 Fronhfort,
725 5430 774 5495 uls
790 5451 859 5493 eom
876 5429 976 5511 Pupst
993 5430 1182 5494 bestimmten
1198 5429 1336 5507 Re'ehter,
1352 5429 1507 5492 envsehea
1522 5430 1590 5493 elene
1607 5429 1899 5513 Asehuffeuhurqer
1913 5428 2057 5510 Kupe'tef

507 5540 572 5603 renel
596 5538 689 5621 Ire'nq
720 5558 779 5600 eron
802 5536 951 5599 Remum
981 5558 1035 5600 eene
1060 5536 1196 5600 Zehnten
1222 5535 1390 5620 pefe‘e'hrfea
1413 5538 1516 5601 Stree't.
1563 5536 1753 5619 ll'drehurq,
1779 5542 1867 5600 1233
1891 5535 1989 5599 Μίίνε
2018 5546 2055 5603 (ι’.

507 5643 612 5728 (sabb.
632 5663 661 5725 p.
680 5643 762 5707 Esto
786 5642 888 5727 mihi.)

606 5784 703 5839 uene.-
723 5784 828 5852 ouem,
848 5782 912 5838 Ood.
925 5783 1013 5854 Dipl,
1032 5784 1058 5853 I,
1076 5788 1137 5837 800.
