4400 6384
856 302 923 357 1313
943 300 1099 371 September
1118 301 1142 355 7.
1756 307 1822 374 499

169 501 249 569 tatis
274 499 447 570 evidencia
470 507 609 584 pateant
631 499 832 584 incorrupta.
866 499 1042 568 'Noverint
1064 499 1167 584 igitur
1191 506 1259 566 tam
1283 507 1453 582 presentes
1477 508 1575 582 quam
1598 499 1712 586 futuri,
1737 506 1822 585 quod

169 613 208 677 de
232 607 370 692 provido
394 607 528 674 consilio
553 614 586 674 et
610 607 771 674 communi
793 627 954 674 consensu
978 606 1183 676 vendidimus
1206 605 1382 673 Ludewico
1407 605 1496 674 dicto
1520 608 1560 675 de
1582 607 1732 690 Messele,
1758 608 1824 676 cini

169 715 498 796 Frankenvordensi‚
529 733 657 780 necnon
691 713 760 780 suis
792 713 966 781 heredibus
996 712 1031 779 in
1062 719 1255 797 perpetuum
1286 713 1382 780 titulo
1413 712 1629 797 proprietatis
1660 712 1824 785 fertonem

169 822 387 904 denariorum,
413 839 508 903 quem
531 820 669 905 singulis
693 821 789 888 annis
813 823 852 888 de
876 824 1015 903 quodam
1038 818 1175 887 macello
1191 825 1305 886 nostro
1321 820 1461 902 plebano
1478 839 1538 887 seu
1552 819 1646 888 nobis
1661 823 1823 891 hactenus

169 929 310 996 contulit
321 947 379 994 seu
392 927 598 1010 presentavit
610 928 699 994 circa
711 925 832 994 festum
843 926 981 994 Martini
993 946 1111 994 census
1123 925 1261 1014 nomine.
1285 927 1350 992 Pro
1363 945 1517 1008 quovero
1530 925 1823 1010 fertonepreiatus

168 1035 364 1103 Ludewicus
397 1041 466 1101 tres
499 1054 629 1101 marcas
660 1034 867 1101 denariorum
896 1033 1017 1102 levium
1047 1033 1143 1101 nobis
1174 1033 1275 1099 dedit.
1329 1034 1369 1099 In
1399 1032 1492 1100 cuius
1521 1033 1570 1100 rei
1600 1033 1824 1101 testimonium

168 1160 305 1224 presens
329 1141 488 1224 scriptum
511 1141 576 1208 sibi
600 1141 745 1208 dedimus
769 1139 868 1225 sigilli
883 1145 1064 1208 conventus
1081 1139 1281 1223 appensione
1296 1139 1438 1206 fideliter
1453 1141 1652 1209 roboratum.
1700 1141 1823 1209 Datum

169 1268 255 1315 anno
280 1247 403 1316 domini
424 1249 465 1313 rii.
488 1244 553 1316 cic.
578 1228 770 1330 xiii.,111.
792 1247 953 1314 kalendas
977 1246 1183 1330 septembris.
1250 1312 1251 1315 ,
1352 1313 1353 1316 ,
1744 1256 1748 1262 ’

383 1389 446 1444 Dae
461 1389 506 1444 Or.
521 1389 618 1459 Ppmt,
631 1388 796 1444 caraciaco
808 1389 845 1442 im
858 1388 1051 1458 Repartora'um
1063 1387 1109 1442 dea
1120 1386 1423 1452 Weisefroncalcloatcre
1434 1403 1486 1442 oon
1499 1389 1588 1442 1691:
1599 1386 1678 1443 Lade
1689 1392 1716 1457 3,
1730 1388 1784 1443 No.
1796 1361 1824 1456 2,

436 1478 472 1533 iet
496 1478 572 1533 nicht
595 1478 761 1544 oorbundera
787 1477 825 1530 im
844 1477 882 1531 St.
897 1478 931 1532 A.
946 1477 998 1532 Fr.
1010 1494 1070 1532 war
1094 1493 1150 1531 nur
1174 1476 1234 1530 eina
1253 1477 1315 1530 solur
1330 1477 1460 1531 walemir
1477 1476 1622 1543 Ahecbrift
1641 1478 1698 1542 (18.
1711 1476 1823 1544 Jahrb.)

436 1568 467 1620 in
484 1566 773 1632 Werbasraucnbr'tcbcr
792 1562 1073 1629 11N0‚4of,122o
1090 1564 1278 1634 cufrufindcn,
1320 1565 1380 1618 Der
1406 1565 1502 1620 Druck
1526 1565 1584 1631 B’e,
1610 1567 1673 1631 405,
1699 1566 1748 1620 der
1772 1565 1830 1632 cus

436 1655 495 1709 cina
513 1653 654 1721 Abscbrist
672 1654 866 1710 Scbcoelclcarts
885 1668 936 1708 uus
954 1653 1013 1707 dem
1035 1653 1081 1709 Or.
1093 1653 1266 1722 sunicdpcbl,
1284 1653 1320 1706 iat
1339 1653 1425 1707 daber
1442 1653 1606 1709 roiederltolt.

389 1744 481 1798 Vera:
500 1743 604 1808 Scribo,
624 1743 668 1812 II,
688 1744 741 1798 No.
756 1746 835 1798 1025.

168 2005 261 2081 965.
291 2011 323 2078 U
322 2013 402 2077 lrr'cb
425 2010 476 2076 Π.
501 2031 561 2076 oon
591 2010 713 2077 Honora
742 2011 808 2076 and
838 2015 922 2076 scine
951 2009 1044 2076 Fran
1076 2011 1249 2092 uerturcfea
1278 2031 1322 2075 un
1350 2009 1495 2075 Hert-zoin
1525 2033 1594 2076 nom
1617 2011 1822 2094 Holrcnbuus,

288 2119 438 2186 Wortuin
469 2139 526 2184 oon
559 2119 615 2183 der
637 2117 723 2182 Ecba
745 2119 812 2182 arad
834 2119 929 2182 derra
951 2117 1093 2197 Franco,
1119 2121 1213 2183 sonte
1235 2139 1279 2183 an
1301 2115 1449 2202 Hedwip,
1472 2118 1593 2185 Wuroe
1614 2119 1670 2185 des
1692 2119 1825 2187 Jobonn

287 2247 346 2291 con
371 2225 550 2310 Gluubnrp,
575 2225 665 2290 ibren
687 2224 762 2305 Hof
782 2227 817 2288 in
838 2224 1004 2306 Rossclorf
1024 2228 1080 2288 mit
1105 2223 1258 2290 Zubelrdr.
1306 2229 1394 2289 1313
1416 2225 1592 2307 Satanan·
1618 2225 1681 2291 7.¹·

277 2367 344 2433 Nos
369 2366 500 2433 Ulricus
530 2366 680 2432 dominus
711 2368 750 2432 de
773 2366 945 2450 Haynowe
976 2372 1010 2432 et
1033 2367 1156 2454 Agnes,
1182 2365 1383 2432 conthoralis
1413 2364 1482 2434 eius
1512 2365 1685 2451 legittima,
1710 2389 1824 2454 recog-

170 2472 334 2540 noscimus
364 2472 569 2556 presencium
597 2472 840 2555 inspectoribus
870 2472 1043 2556 universio,
1069 2475 1155 2555 quod
1186 2492 1283 2538 manu
1314 2471 1554 2540 communicata
1585 2479 1619 2540 et
1648 2475 1722 2556 pari
1749 2495 1825 2541 con-

170 2579 353 2653 curllrente
394 2598 555 2645 consensu
592 2579 740 2662 honestis
777 2576 858 2646 viris
896 2579 1069 2647 Hertwino
1110 2581 1150 2645 de
1188 2577 1269 2644 Alta
1307 2581 1417 2660 domo,
1457 2577 1595 2662 Rylindi
1631 2580 1727 2646 uxori
1765 2601 1823 2648 sue

169 2685 341 2771 legittime,
381 2685 565 2753 Wortwino
611 2685 699 2753 dicto
745 2705 810 2753 von
848 2688 907 2752 der
945 2686 1070 2767 Ecken,
1111 2685 1221 2752 Guthe
1259 2684 1355 2750 uxori
1393 2703 1451 2750 sue
1488 2685 1658 2768 legittime,
1697 2706 1825 2754 necnon

169 2791 374 2875 Helldewigi
402 2791 518 2858 relicte
549 2795 712 2874 quondam
740 2791 905 2859 iohannis
936 2796 975 2858 de
1007 2793 1188 2875 Glouburg,
1214 2809 1254 2857 ac
1278 2808 1390 2856 eorum
1412 2789 1525 2857 liberis
1549 2797 1583 2858 et
1600 2845 1606 2859 .
1626 2843 1633 2858 .
1650 2794 1824 2862 heredibus

169 2899 342 2980 utriusque
388 2917 485 2965 sexus
531 2899 656 2965 curiam
701 2906 848 2965 nostram
893 2899 928 2964 in
973 2896 1113 2965 Rostori
1158 2917 1231 2964 cum
1277 2916 1335 2963 sex
1380 2902 1415 2964 et
1461 2896 1595 2964 dimidio
1640 2899 1824 2982 mansisti

170 3005 278 3088 pratis
302 3025 341 3072 ac
365 3005 439 3072 aliis
463 3005 531 3072 suis
555 3005 768 3087 pertinenciis
792 3024 851 3088 pro
876 3004 1035 3072 trecentis
1059 3003 1167 3069 minus
1190 3002 1372 3085 quindecim
1386 3002 1484 3069 libris
1499 3002 1703 3088 hallensium,
1727 3025 1825 3088 quam

170 3111 344 3195 pecuniam
378 3111 412 3176 in
446 3118 619 3177 numerata
654 3111 793 3193 pecunia
824 3110 1007 3191 recepimus
1041 3111 1081 3176 ab
1115 3109 1163 3176 eis
1195 3107 1382 3191 nostrisque
1414 3108 1528 3175 usibus
1560 3112 1825 3195 recognoscimus

170 3218 383 3301 applicatam,
408 3217 496 3284 iusto
520 3216 722 3285 vendicionis
746 3215 842 3284 titulo
866 3217 1072 3284 vendidimus
1096 3223 1130 3282 et
1147 3215 1316 3283 vendimus
1331 3214 1403 3282 iure
1419 3215 1638 3298 proprietario
1654 3219 1825 3302 perpetuis

170 3324 374 3408 temporibus
398 3323 628 3406 possidendam
647 3331 682 3392 et
698 3326 882 3406 tenendam,
907 3343 981 3390 cum
996 3322 1144 3390 omnibus
1160 3319 1404 3388 condicionibus
1420 3328 1453 3387 et
1471 3321 1681 3405 utilitatibus,
1708 3324 1825 3407 quibus

169 3431 277 3514 ipsam
308 3429 432 3496 curiam
462 3449 535 3497 cum
565 3429 633 3496 suis
656 3429 869 3512 pertinenciis
893 3429 1056 3497 noscimur
1078 3431 1239 3497 hactenus
1263 3425 1460 3509 possedisse,
1484 3427 1654 3496 mittentes
1676 3429 1767 3514 ipsos
1789 3431 1825 3498 in

170 3536 412 3618 possessionem
448 3536 535 3604 dicte
570 3535 658 3602 curie
693 3556 733 3603 ac
767 3536 1000 3603 renunciantes
1035 3534 1122 3602 omni
1150 3534 1231 3602 iuris
1262 3532 1383 3600 auxilio
1414 3535 1535 3601 statuti
1562 3534 1617 3604 vel
1645 3539 1824 3621 statuendi,

171 3643 323 3711 canonici
346 3644 398 3711 vel
422 3641 539 3724 civilis,
564 3643 776 3725 omnibusque
801 3641 1054 3724 excepoionibus
1073 3661 1131 3709 seu
1147 3640 1397 3722 subtilitatibus,
1422 3660 1482 3723 per
1497 3644 1582 3723 quod
1599 3643 1654 3710 vel
1667 3663 1728 3726 per
1743 3663 1826 3726 quas

171 3750 264 3817 dicta
294 3756 409 3817 nostra
432 3749 581 3816 vendicio
605 3752 645 3816 de
668 3749 738 3815 iure
762 3749 816 3815 vel
838 3751 878 3815 de
901 3747 991 3816 iacto
1016 3755 1129 3830 posset
1151 3747 1204 3815 vel
1227 3748 1363 3814 deberet
1385 3766 1407 3814 a
1429 3766 1592 3829 quoquam
1612 3747 1826 3832 imposterum

170 3854 360 3938 impugnari
374 3856 427 3921 vel
444 3853 631 3936 aliqualiter
646 3855 815 3922 infirmari.
855 3856 927 3922 Hoc
944 3855 1082 3937 adiecto,
1108 3857 1203 3938 quod,
1220 3853 1250 3920 si
1265 3860 1429 3937 emptores
1445 3853 1586 3936 predicti
1601 3855 1655 3922 vel
1670 3875 1780 3923 corum
1794 3907 1801 3922 .
1817 3910 1823 3923 .

170 3962 319 4043 heredes
344 3959 461 4028 iraude
489 3969 523 4029 et
546 3961 619 4029 dolo
644 3962 797 4044 exclusis
822 3960 969 4028 evidenti
991 3959 1191 4028 necessitate
1215 3958 1373 4042 compulsi
1397 3960 1580 4043 predictam
1603 3961 1730 4029 curiam
1752 3983 1825 4033 cum

170 4067 240 4135 suis
264 4067 476 4151 pertinenciis
500 4070 642 4135 vendere
666 4073 873 4152 cogerentur,
899 4074 1019 4134 extunc
1041 4067 1137 4134 nobis
1152 4066 1206 4134 vel
1220 4066 1343 4134 nostris
1361 4117 1368 4133 .
1387 4119 1394 4132 .
1411 4067 1586 4134 heredibus
1602 4088 1662 4150 pre
1678 4069 1826 4137 omnibus

171 4173 247 4242 aliis
278 4176 320 4240 ad
345 4180 412 4240 tres
435 4194 563 4241 menses
588 4174 741 4242 exhihere
766 4181 930 4256 tenentur,
955 4173 1072 4256 quibus
1096 4173 1289 4255 transactis
1315 4173 1344 4239 si
1367 4173 1401 4240 in
1424 4178 1597 4242 reemendo
1621 4176 1826 4261 negligentes

172 4279 388 4362 extiterimus,
413 4281 596 4362 predictam
612 4280 736 4348 curiam
753 4300 825 4348 cum
841 4281 909 4348 suis
925 4279 1149 4362 pertinenciis,
1167 4299 1232 4346 non
1248 4282 1403 4348 obstante
1419 4287 1535 4349 nostra
1550 4282 1604 4350 vel
1621 4333 1628 4349 .
1647 4335 1653 4348 .
1671 4284 1826 4350 heredum

171 4394 359 4454 nostrorum
389 4386 636 4467 reclamacionc,
667 4390 819 4468 vendere,
848 4387 1006 4470 obligare,
1032 4389 1156 4453 donare
1186 4405 1244 4453 seu
1272 4386 1307 4453 in
1337 4388 1421 4455 alias
1452 4407 1612 4470 personas
1641 4387 1826 4455 transferre

171 4501 331 4574 tanquam
361 4491 428 4559 alia
457 4494 545 4560 bona
568 4512 629 4560 sua
652 4492 787 4576 propria
810 4499 967 4575 poterunt
990 4513 1049 4576 pro
1074 4511 1134 4560 sue
1156 4493 1364 4576 beneplacito
1387 4493 1579 4562 voluntatis.
1625 4494 1700 4560 Hac
1723 4493 1827 4560 eciam

171 4598 417 4683 protestacione
448 4599 543 4666 nobis
567 4598 671 4682 salva,
696 4603 782 4680 quod
805 4599 901 4666 nobis
925 4598 1111 4681 nostrisque
1129 4653 1135 4665 .
1155 4651 1161 4664 .
1178 4599 1355 4666 heredibus
1378 4599 1582 4682 sepedictam
1605 4599 1730 4666 curiam
1754 4619 1826 4665 cum

170 4705 240 4772 suis
265 4704 478 4786 pertinenciis
500 4704 591 4773 inira
615 4705 703 4772 festa
726 4705 816 4773 beati
831 4705 1027 4772 Michahelis
1047 4711 1081 4771 et
1096 4704 1286 4772 nativitatis
1302 4705 1422 4771 domini
1439 4706 1664 4788 oportunitate
1680 4725 1716 4772 se
1732 4704 1826 4772 nobis

170 4811 339 4893 offerente,
366 4817 464 4894 prout
486 4812 520 4877 in
541 4811 655 4878 litteris
680 4813 840 4879 dictorum
856 4819 1038 4894 emptorum
1054 4830 1153 4892 super
1170 4830 1208 4877 eo
1224 4811 1318 4878 nobis
1334 4810 1467 4878 traditis
1483 4811 1611 4895 plenius
1627 4812 1825 4893 continetur,

170 4916 338 4985 reemendi
368 4937 427 5000 pro
458 4917 647 5001 supradicte
678 4919 814 5000 pecunie
845 4918 1033 5001 quantitate
1062 4916 1168 4984 libera
1196 4917 1242 4984 sit
1271 4916 1425 4985 facultas.
1472 4919 1630 4986 Preterea
1656 4918 1825 5002 adicimus,

170 5027 260 5108 quod
284 5023 488 5092 ..colonum
517 5023 622 5107 ipsam
653 5023 778 5091 curiam
806 5023 1072 5091 inhabitantem⁸
1102 5022 1259 5090 indebitis
1289 5023 1547 5108 fatigacionibus
1577 5045 1642 5092 non
1673 5027 1827 5092 debemus

443 5215 500 5260 Ort:
513 5215 711 5270 ,imsulntema

229 5379 236 5412 ¹
256 5378 313 5434 Du
331 5395 383 5433 uon
402 5379 445 5444 B.
465 5383 518 5434 405
535 5397 571 5434 aa
589 5382 660 5436 1313
678 5381 833 5451 September
851 5384 888 5436 16
905 5381 976 5437 narb
1029 5397 1078 5436 vor
1103 5384 1175 5436 1296
1193 5381 1278 5434 Mara
1295 5383 1314 5435 1
1332 5380 1430 5435 barritu
1447 5381 1591 5451 pectorum
1605 5397 1666 5436 war
1684 5383 1747 5452 (apl.
1761 5382 1828 5437 oben

169 5471 249 5524 cina
277 5467 421 5533 Abecbrift
451 5468 483 5522 in
516 5467 856 5525 ominaretur-Bana
882 5471 935 5525 No.
957 5474 976 5525 2
1030 5470 1083 5524 No.
1097 5468 1426 5537 cooperatoremque
1439 5467 1828 5539 Urlrundcsu12938eptem·

169 5553 249 5623 flou
269 5554 322 5621 (st.
342 5555 377 5609 Δ.
397 5555 464 5616 Fr.)
489 5557 717 5628 uicdarpepcheae
737 5559 866 5616 Urlunda
884 5560 920 5615 ist
938 5560 976 5615 im
1030 5559 1077 5614 ber
1095 5562 1131 5614 16
1148 5563 1318 5626 cunamen,
1336 5573 1413 5612 wara
1431 5557 1564 5612 auen-uie
1581 5559 1702 5614 onwan
1719 5559 1828 5629 Zeupcn

169 5646 282 5700 Datum
300 5644 479 5717 lormmpirt,
497 5663 555 5702 roae
571 5647 629 5703 eicb
645 5649 728 5703 eoban
745 5648 851 5704 duraue
867 5649 975 5720 aanor,
1026 5663 1130 5717 possen
1146 5648 1267 5702 rourum.

170 5734 239 5788 drusa
257 5732 308 5788 der
326 5731 369 5789 au
380 5733 471 5806 chpc
487 5741 624 5804 peruncta
638 5736 719 5806 aspa
735 5753 788 5793 oon
799 5737 977 5792 Holabuuaen

1667 5860 1719 5914 63*
