4400 6384
792 272 861 327 1255
881 302 913 311 —
942 272 1011 327 1256
1029 271 1152 327 Februat
1171 274 1214 327 20.
1789 276 1831 341 97

174 490 272 552 quam
303 468 416 536 lutura
447 468 636 553 posteritas,
669 470 754 550 quod
778 466 968 535 Hartradus
991 469 1085 535 Blido
1118 475 1152 535 et
1176 468 1202 544 ll
1224 468 1379 536 Elizabet
1410 488 1493 535 uxor
1525 489 1595 551 sua,
1630 469 1718 536 cives
1741 471 1834 536 Wet·

172 576 354 659 tiarienseS,
386 576 441 659 pia
464 575 555 642 ducti
581 576 768 657 devocione,
801 576 1009 641 tradiderunt
1033 576 1272 645 communicata
1294 596 1392 643 manu
1423 576 1457 642 in
1488 575 1670 642 animarum
1699 597 1832 643 suarum

173 683 350 750 remedium
375 690 409 748 et
432 684 573 749 salutem
597 682 622 757 ΙΙ
646 703 681 748 se
706 689 739 749 et
762 681 918 749 universa
940 684 1037 764 bona,
1070 703 1132 763 que
1155 682 1189 749 in
1214 682 1350 750 civitate
1373 682 1597 749 Wetflariensi
1626 689 1660 749 et
1689 682 1723 749 in
1754 684 1834 750 villa

174 791 418 875 Langeugunse
442 810 528 855 nunc
551 791 675 856 habent
698 789 752 857 vei
775 789 944 871 possident
960 789 1067 855 autin
1085 796 1252 871 posterum
1267 790 1414 856 habituri
1428 796 1515 871 suut,
1542 788 1703 856 iratribus
1719 793 1833 856 domus

174 897 376 963 Theutonice
399 897 433 964 in
450 897 675 964 Sassenhusen
699 903 732 963 et
756 896 992 963 renunciarunt
1015 896 1096 979 ipsis
1119 896 1214 962 bonis
1233 916 1344 964 coram
1360 897 1454 963 nobis
1469 896 1650 963 liberaliter
1666 904 1700 963 et
1715 896 1832 979 solute,

173 1004 223 1070 ita
247 1004 382 1085 sufficet,
409 1008 494 1085 quod
518 1002 671 1085 quamdiu
696 1003 837 1086 predicti
859 1004 1049 1071 Hartradus
1073 1010 1108 1069 et
1130 1003 1284 1070 Elinabet
1306 1004 1378 1071 vita
1400 1002 1594 1087 iungantur,
1618 1004 1669 1070 uti
1692 1006 1834 1071 debeant

173 1110 256 1194 ipsis
279 1111 374 1177 bonis
398 1117 432 1177 et
455 1130 495 1177 ea
519 1110 628 1192 quiete
652 1110 830 1193 possidere,
856 1117 1090 1193 postmortem
1114 1130 1193 1177 vero
1218 1113 1386 1177 amborum
1402 1131 1423 1178 a
1437 1108 1600 1177 iratribus
1616 1111 1703 1177 dicte
1719 1114 1833 1177 domus

174 1218 245 1284 sine
270 1216 529 1284 contradictione
553 1217 699 1299 qualibet
723 1219 864 1284 debeant
881 1216 1051 1299 possideri.
1087 1219 1128 1283 In
1144 1217 1236 1284 euius
1252 1218 1509 1302 recognitionem
1524 1218 1695 1285 memorati
1711 1217 1834 1285 iratres

174 1332 409 1391 concesserunt
444 1324 533 1391 dicta
567 1327 654 1390 bona
687 1344 796 1391 eoram
829 1324 923 1391 nobis
956 1331 1023 1391 tarn
1057 1325 1208 1391 absolute
1240 1324 1413 1408 resignata
1445 1324 1631 1407 sepedictiS,
1664 1326 1833 1392 Hartrado

174 1430 302 1497 scilicet
325 1437 359 1496 et
382 1432 554 1515 Elyzabet,
587 1437 623 1497 ut
654 1431 770 1497 exinde
801 1431 848 1497 eis
873 1431 968 1497 annis
999 1430 1137 1515 singulis
1166 1451 1266 1498 unum
1295 1432 1457 1498 maldrum
1486 1452 1615 1499 annone
1646 1433 1834 1514 persolvere

173 1544 361 1604 teneantur.
398 1540 437 1604 In
462 1538 554 1604 cuius
577 1536 660 1604 lacti
683 1538 904 1606 testimonium
929 1538 1080 1621 deputati
1099 1545 1192 1604 sunt:
1218 1536 1392 1607 Gotiridus
1408 1539 1567 1605 scultetus
1582 1537 1832 1618 Wetflariensis‚

174 1643 347 1711 Richolius
364 1648 525 1726 quondam
542 1644 698 1712 Gerberti
714 1645 809 1727 lilius,
835 1644 1030 1711 Lbdewicus
1051 1649 1214 1727 quondam
1230 1646 1398 1726 scoltetua
1417 1646 1587 1712 Comedus
1602 1645 1695 1727 Reio,
1714 1646 1832 1725 Berno,

174 1751 397 1817 Theodericus
421 1750 528 1817 Rufus
553 1758 586 1817 et
610 1750 771 1819 Ridolfus
787 1752 901 1836 Regel,
927 1751 1071 1834 scabini;
1096 1752 1272 1818 Heinricus
1297 1756 1337 1818 de
1352 1751 1577 1832 Munichusen‚
1603 1750 1778 1819 Gotiridus
1794 1755 1835 1818 de

173 1856 322 1940 Dridori,
348 1857 463 1925 Crafto
488 1858 570 1925 Reio
595 1866 628 1925 et
652 1860 822 1926 Corradus
846 1859 1035 1943 Pampelun,
1062 1860 1151 1926 cives
1174 1858 1430 1925 Wetilarienses.
1470 1859 1519 1924 Ne
1543 1878 1621 1926 vero
1645 1859 1720 1924 huie
1743 1856 1833 1924 lacto

174 1965 287 2031 valeat
311 1964 434 2046 aliquid
458 1964 492 2031 iu
516 1975 683 2047 posterum
707 1987 727 2032 a
751 1985 913 2047 quoquam
935 1965 969 2031 in
986 1966 1189 2033 contrarium
1203 1964 1367 2047 suscitari,
1392 1984 1529 2047 presens
1545 1964 1703 2046 scriptum
1718 1965 1835 2031 exinde

174 2068 360 2138 confectum
391 2077 442 2138 est
473 2078 506 2137 et
536 2072 635 2155 sigilli
666 2071 812 2140 civitatis
836 2072 1076 2139 Wetflariensis
1107 2072 1281 2139 munimine
1313 2072 1550 2155 consignatum.
1598 2072 1718 2137 Actum
1748 2092 1834 2139 anno

174 2178 296 2245 domini
320 2180 363 2244 M.
388 2158 449 2245 (ti
474 2158 512 2244 ΙῘ.
538 2179 661 2261 quinto,
686 2198 797 2245 mense
822 2180 1001 2245 decembre.

390 2321 437 2375 Or.
461 2322 549 2392 Pprnt.
572 2322 622 2376 mit
648 2322 849 2377 eerbrocbroern
877 2322 1040 2391 Stodteiepel
1067 2338 1120 2376 von
1143 2321 1265 2375 Wetrlur
1291 2338 1330 2375 an
1356 2321 1541 2375 rothseidcner
1569 2319 1683 2375 δῶκαν.
1731 2319 1770 2374 St.
1799 2320 1834 2374 A.

443 2410 616 2465 Domnstudt.
633 2440 665 2449 —
686 2411 844 2477 Grotesend.
880 2412 935 2464 Eia
954 2410 1072 2465 weiterec
1093 2410 1139 2465 Or.
1156 2411 1194 2463 r'm
1213 2410 1406 2465 Reicbsarcbr'o
1423 2427 1459 2464 ru
1477 2410 1622 2478 Mdncben,
1642 2425 1726 2463 ocra:
1743 2409 1835 2479 Lanu,

441 2500 507 2569 Rep.
527 2499 624 2567 Boion,
644 2499 873 2568 111,N0.1arc.

389 2606 480 2673 Gedr,
499 2606 576 2661 atari·
594 2607 653 2661 rond
672 2606 841 2677 unpeccbicht
859 2606 987 2675 pebdrzt:
1005 2607 1095 2672 Baur,
1115 2606 1194 2661 Heca
1212 2606 1286 2674 Urio,
1305 2606 1331 2674 I,
1349 2610 1393 2674 80,
1413 2606 1523 2660 decbolb
1540 2604 1600 2659 bier
1618 2604 1781 2659 wiederbolt.

397 2696 490 2749 Vera:
508 2694 614 2763 Scribo,
633 2696 677 2763 II,
698 2694 750 2750 No.
764 2698 825 2749 475.

172 2873 267 2949 201.
291 2882 360 2947 Der
383 2883 703 2965 Donrim'lonerprior
734 2886 800 2948 erud
824 2883 1184 2968 ΙΙΙῑήονὲέεηιῃιιανᾱίαη1
1216 2906 1259 2949 arr
1281 2883 1316 2947 F
1316 2884 1467 2965 renisu-rt
1499 2884 1706 2967 beplurrbrprre
1734 2882 1836 2946 durch

292 2992 509 3073 Srrbscrr'ptr'on
537 2992 604 3055 rond
632 2992 734 3076 Siepel
765 2993 816 3056 dic
850 2990 999 3057 Urbuade
1027 2991 1149 3056 Kaisar
1172 2990 1359 3055 Friedricbs
1384 2990 1445 3069 IL,
1471 2992 1502 3055 d.
1528 2991 1559 3054 ri.
1588 2990 1715 3069 Terent,
1748 2994 1834 3053 1221

292 3098 389 3179 April
413 3096 477 3163 10²
500 3098 559 3179 fib·
581 3100 642 3163 den
664 3098 911 3165 Derrtschorden.
960 3104 1056 3164 1255.

391 3237 436 3292 Or.
451 3239 539 3309 Ponet.
571 3238 636 3293 Nur
648 3239 700 3293 doc
713 3240 880 3310 beschddipte
893 3239 980 3309 Sicori
994 3240 1043 3294 der
1057 3238 1248 3305 Franhsurter
1261 3238 1415 3293 Minoritcn
1427 3239 1513 3308 bdnqt
1524 3255 1570 3292 un.
1601 3237 1690 3305 Wieru
1704 3236 1835 3291 Deutscb·

442 3326 769 3382 orders-Centrolurcbiu.

397 3417 490 3471 Vera:
508 3417 662 3487 Perterreqp,
682 3418 733 3471 No.
749 3420 809 3471 265.

173 3596 267 3673 2⁰0.
290 3604 456 3670 Reinburd
480 3627 540 3670 con
562 3605 695 3685 Hauon,
722 3604 851 3687 Philipp
876 3628 934 3671 oon
950 3606 1163 3686 narrassem,
1188 3605 1376 3690 Enpelbord
1399 3606 1465 3669 und
1480 3604 1619 3669 Kournd
1642 3625 1702 3668 corr
1716 3604 1835 3668 Webas-

292 3713 365 3796 berp
388 3712 507 3793 stiften,
531 3713 674 3796 rupleich
697 3715 741 3776 r'rn
760 3712 886 3777 Numen
908 3714 994 3777 ihrer
1017 3713 1185 3792 Miterben,
1209 3716 1260 3777 ein
1282 3712 1440 3797 Seelperdt
1457 3711 1517 3793 fiir
1541 3713 1630 3775 ihren
1645 3704 1836 3793 Sed-wicper-

295 3824 378 3883 uotcr
400 3818 510 3883 ulrice
532 3840 593 3884 oon
616 3819 834 3903 Mitnrcnbcrp
858 3820 924 3884 noui
948 3820 1059 3885 descen
1081 3820 1169 3885 Sohn
1189 3819 1300 3885 lto-ub
1324 3820 1371 3883 bei
1393 3820 1463 3882 dem
1486 3817 1705 3899 Fronhfurter
1726 3818 1835 3899 sufra-

291 3926 406 4007 bupr'tel
434 3927 501 3990 und
531 3927 722 3991 iibercoeisen
750 3950 791 3991 ru
821 3928 936 3991 dasem
964 3926 1078 4008 Rebus
1107 3932 1149 3991 10
1172 3926 1344 4010 Schillirrpe
1374 3947 1434 3989 ron
1463 3926 1571 4003 ibrenr,
1602 3947 1664 3988 aar
1687 3924 1755 3989 Zeit
1778 3947 1838 3989 oon

290 4032 430 4097 Korrrod
449 4033 589 4098 Wobcb'n
613 4034 790 4098 bercobnten
812 4034 886 4116 Hof
905 4057 947 4098 ru
970 4033 1164 4115 Franhsurt.
1212 4032 1406 4114 Frunhfurt
1432 4037 1519 4097 1256
1542 4031 1577 4095 F
1576 4033 1692 4097 obruor
1713 4037 1767 4095 20.

284 4175 352 4241 Nos
376 4174 586 4242 Reinhardus
615 4178 655 4242 de
678 4176 878 4259 Hagenowe,
911 4174 1080 4258 Philippus
1111 4179 1152 4242 de
1168 4176 1396 4256 Valkenstcin‚
1427 4175 1669 4259 Eugenhardus
1694 4182 1728 4240 et
1751 4176 1837 4239 Cun-

174 4285 278 4348 radus
309 4279 433 4347 iratres
463 4284 503 4348 de
522 4280 751 4365 Wilinesberg
780 4282 945 4364 ceterique
976 4284 1153 4348 coheredes
1184 4283 1298 4351 nostri.
1353 4284 1481 4352 Tenere
1513 4281 1716 4365 presencium
1746 4299 1837 4346 reco-

173 4388 362 4473 gnoscimus
379 4388 507 4471 pubhce
523 4390 726 4471 prolitentes,
741 4392 827 4471 quod
843 4388 934 4455 ducti
949 4390 1034 4455 bono
1051 4389 1121 4455 zelo
1137 4388 1160 4462 ll
1175 4390 1311 4456 ecclesie
1324 4387 1639 4455 Frankenvordensi
1654 4387 1836 4470 legavimus

174 4498 289 4561 decem
312 4494 433 4562 solidos
455 4495 543 4561 illius
566 4502 695 4562 monete
719 4500 759 4562 de
783 4496 875 4563 curia
891 4503 1016 4575 nostra,
1042 4516 1139 4577 quam
1157 4497 1329 4563 Cunradus
1345 4494 1645 4567 dictusWobelilin
1660 4493 1835 4575 inhabitat,

175 4600 348 4668 annuatim
379 4602 623 4685 persolvendos
655 4622 713 4684 pro
739 4602 880 4669 remedio
905 4602 1085 4669 animarum
1110 4603 1216 4670 soceri
1238 4602 1344 4669 nostri
1367 4602 1472 4670 Uirici
1494 4605 1534 4668 de
1557 4601 1781 4683 Minoemberg
1804 4607 1838 4667 et

173 4708 235 4774 filii
266 4708 317 4773 sui
348 4708 461 4786 Ulrici
493 4716 530 4774 ut
560 4728 671 4775 eorum
702 4708 931 4776 anniversaria
961 4708 995 4775 in
1025 4710 1115 4776 dicta
1146 4710 1285 4776 ecclesia
1315 4710 1415 4775 certis
1446 4708 1647 4790 temporibus
1678 4714 1837 4790 perpetuo

176 4815 396 4882 celebrentur.
422 4815 693 4883 Anniversarium
709 4816 864 4882 videlicet
880 4816 1017 4883 senioris
1030 4817 1135 4884 Ulrici
1150 4818 1184 4883 in
1201 4816 1346 4883 crastino
1359 4814 1510 4899 Mathie,³
1527 4823 1561 4882 et
1577 4824 1655 4881 tunc
1671 4818 1837 4883 dabuntur

175 4922 319 5005 quinque
359 4923 454 4989 solidi
489 4923 697 5005 presentibus
733 4924 899 4991 canonicis
934 4923 1144 5006 supradictis,
1213 4923 1484 4992 huniversarium
1520 4943 1598 4990 vero
1632 4922 1769 4990 iunioris
1802 4922 1836 4987 in

174 5030 324 5096 crastino
346 5030 546 5113 Laurentii,⁴
569 5037 603 5097 et
627 5037 705 5097 tuno
729 5030 852 5097 residui
876 5031 1017 5113 quinque
1041 5030 1137 5098 solidi
1160 5032 1259 5098 etiam
1284 5032 1492 5113 presentibus
1516 5030 1774 5114 assignabuntur
1797 5032 1837 5096 de

175 5136 271 5203 curia
302 5136 481 5203 antedicta.
530 5138 575 5203 Ut
605 5136 707 5220 igitur
738 5137 884 5221 legatum
907 5138 995 5204 istud
1020 5159 1040 5204 a
1063 5139 1158 5204 nobis
1182 5146 1215 5205 et
1240 5139 1484 5205 successoribus
1508 5137 1631 5203 nostris
1653 5138 1781 5202 firmum
1804 5142 1838 5202 et

172 5251 286 5309 ratum
316 5250 475 5325 perpetuo
506 5246 710 5327 observetur,
736 5252 907 5325 presentes
937 5243 1068 5311 litteras
1098 5255 1231 5312 nostras
1261 5245 1293 5311 iu
1318 5245 1539 5311 testimonium
1563 5247 1678 5310 damus
1702 5242 1837 5309 ecclesie

173 5350 384 5433 supradicte,
422 5350 602 5435 sigillorum
638 5358 823 5418 nostrorum
856 5352 1030 5419 munimine
1060 5355 1245 5420 roboratas
1312 5355 1432 5419 Actum
1463 5353 1714 5432 Frankenvort,
1737 5369 1836 5420 ‚anno

176 5456 301 5523 domini
328 5437 372 5523 bi.
388 5437 448 5524 (3⁰0.
466 5438 565 5541 hisi,
591 5457 715 5524 decimo
740 5458 805 5524 kal.
828 5460 952 5525 marcii.

234 5637 242 5668 ¹
261 5636 318 5691 Die
336 5637 529 5706 fflqennamcn
546 5635 643 5703 [chien.
686 5636 769 5707 ²th
788 5638 854 5692 oben
873 5638 926 5692 No.
941 5642 983 5691 55.

176 5724 189 5758 ³
211 5725 294 5780 Febr.
306 5728 350 5780 25.
388 5726 399 5758 ⁴
418 5725 491 5796 Arrp.
505 5731 549 5780 11.

234 5856 399 5905 Fnaklurtor
413 5856 611 5903 urkundenbuch
626 5858 642 5900 1.
