4400 6384
386 355 451 420 442
1067 354 1138 411 1305
1157 353 1314 424 September
1332 355 1357 408 3.

387 549 513 616 Gudele
547 554 580 614 et
608 549 707 632 Lyse,
738 549 915 616 liberorum
946 570 1100 632 meorum,
1132 551 1266 618 vendidi
1295 550 1382 618 iusto
1412 551 1616 618 vendicionis
1647 551 1742 618 titulo
1773 551 1927 640 [Jacobo]
1959 552 2048 618 dicto

388 655 554 722 Goltstein
578 662 611 721 et
627 656 861 738 Heidendrudi,
886 657 982 723 uxori
1004 677 1062 723 sue
1085 657 1241 742 legitime,
1267 657 1394 724 civibus
1411 656 1789 741 Frankeniordensibus,
1815 679 1854 725 ac
1870 659 2048 725 heredibus

387 765 562 828 eorundem
592 781 651 843 pro
683 768 812 827 centum
843 761 977 848 [mareis
1008 764 1230 850 denariorum]
1255 763 1496 831 Coloniensium
1522 763 1676 847 legalium
1700 771 1734 830 et
1756 767 1914 832 bonorum
1937 766 2047 831 minus

387 868 493 933 tribus
516 867 646 948 martie,
671 867 769 933 michi
792 871 834 934 ab
858 869 981 935 eisdem
1001 871 1129 936 Jacobo
1154 878 1187 936 et
1209 870 1437 937 Heidendrudi
1460 871 1653 954 coniugibus
1677 872 1711 936 in
1735 871 1869 959 [parata
1892 871 2048 960 pecuni]a

388 974 577 1055 numeratis
603 973 737 1040 traditis
768 981 801 1040 et
832 977 1009 1056 persolutis
1040 985 1072 1042 et
1103 977 1136 1042 in
1169 977 1366 1044 solucionem
1395 997 1539 1044 meorum
1566 977 1749 1044 debitorum
1772 979 1950 1061 conversis,
1974 979 2046 1046 iure

388 1080 602 1162 proprietatis
619 1079 791 1166 [perpetuo
809 1080 1036 1170 possidclnda3
1054 1083 1103 1149 ita
1119 1103 1208 1165 sane,
1226 1083 1255 1149 si
1271 1083 1373 1167 aliqui
1389 1084 1462 1167 agri
1478 1085 1566 1150 ultra
1582 1088 1663 1150 duos
1678 1104 1810 1151 mansos
1821 1085 2045 1165 inveniuntur,

388 1189 474 1267 quod
505 1189 566 1252 sub
597 1191 709 1253 eodem
740 1194 848 1269 pacto,
875 1208 937 1269 quo
962 1190 1044 1256 dicti
1067 1189 1185 1277 [mansi
1208 1190 1334 1257 venditi
1354 1190 1457 1277 sunt]
1482 1194 1659 1258 secundum
1683 1211 1776 1257 suam
1800 1193 2044 1260 estimationem

389 1296 476 1374 apud
505 1293 611 1375 ipsum
635 1295 796 1360 Jacobum
827 1301 861 1360 et
891 1315 968 1362 suos
997 1298 1134 1363 heredes
1163 1299 1409 1379 permanebunt,
1435 1305 1469 1364 et
1491 1299 1637 1366 valorem
1661 1318 1772 1364 eorum
1795 1298 2043 1385 supralcddent.

392 1399 428 1465 Si
457 1401 579 1487 autem]
610 1401 716 1466 minus
747 1422 844 1482 quarn
874 1405 936 1468 diro
966 1404 1073 1470 mansi
1100 1403 1322 1486 inveniuntur,
1348 1406 1525 1470 secundum
1548 1403 1732 1470 huiusmodi
1754 1403 1928 1485 deiectum,
1952 1405 2044 1472 iuxta

388 1507 474 1587 quod
496 1508 663 1573 markzale
687 1507 870 1591 vulgariter
894 1508 1105 1596 [nominatum
1130 1509 1228 1597 idem]
1246 1512 1393 1577 Jacobus
1417 1508 1598 1576 defalccbit
1621 1511 1656 1577 in
1680 1511 1819 1592 pecunia
1842 1511 2041 1593 supradicta.

387 1612 434 1676 Et
466 1612 543 1693 quia
575 1613 731 1694 prelibati
761 1615 825 1680 mei
857 1615 952 1681 liberi
983 1617 1089 1682 adhuc
1123 1617 1269 1682 existunt
1300 1616 1403 1705 inllra
1435 1616 1551 1704 annos]
1584 1616 1812 1699 discrecionis
1846 1619 2043 1700 supradictis

387 1720 525 1798 Jacobo,
543 1718 768 1785 Heidendrudi
784 1727 817 1786 et
833 1741 944 1788 eorum
960 1722 1135 1788 heredibus
1149 1725 1335 1790 Cunradum
1351 1724 1553 1805 canonicum,
1567 1722 2041 1806 Heilmanuum,Wolframum,

388 1823 508 1890 milites
543 1825 719 1907 predictos
756 1847 795 1892 ac
831 1827 1068 1894 Theodericum
1103 1829 1295 1895 canonicum
1330 1830 1466 1896 ecclesie
1501 1829 1852 1914 Aschallenburgensis
1887 1831 2041 1913 predicte,

387 1930 533 2012 ipsorum
566 1929 721 2013 fratrem,
753 1953 842 2000 meos
873 1934 1032 2016 sororios,
1065 1935 1223 2001 constitui
1252 1935 1460 2003 fideiussores
1491 1939 1531 2003 de
1561 1936 1733 2004 waraudia
1763 1936 1917 2004 facienda
1947 1937 2040 2008 iusta

389 2037 501 2102 debita
531 2045 565 2103 et
595 2046 762 2121 consueta,
788 2046 822 2105 et
851 2043 936 2121 quod
968 2041 1118 2123 prelatos
1148 2062 1236 2108 meos
1267 2043 1397 2126 liberos,
1422 2063 1495 2110 cum
1526 2047 1568 2109 ad
1599 2063 1703 2110 annos
1734 2043 1950 2111 discrecionis
1974 2064 2043 2127 per·

388 2144 548 2224 venerint,
574 2147 615 2210 ad
639 2146 701 2211 boc
723 2146 877 2212 inducere
901 2155 1056 2214 tenentur
1078 2155 1113 2214 et
1136 2151 1310 2231 debebunt,
1335 2154 1421 2231 quod
1438 2149 1721 2216 renunciationem
1737 2157 1771 2216 et
1787 2150 2041 2234 resignacionem

389 2251 429 2314 de
451 2249 533 2330 ipsis
555 2251 659 2333 bonis,
685 2252 771 2318 sicut
794 2273 855 2336 ego
879 2255 1086 2335 presentibus
1108 2255 1262 2321 renuncio
1280 2263 1313 2322 et
1329 2256 1470 2340 resigno,
1495 2254 1620 2323 facient
1636 2256 1832 2338 expeditam.
1872 2257 2042 2324 Adiectum

389 2363 440 2421 est
470 2355 582 2437 eciam,
614 2361 709 2440 quod,
742 2359 770 2424 si
799 2359 872 2440 quis
901 2361 1129 2427 fideiussorum
1159 2382 1302 2428 meorum
1332 2363 1563 2445 predictorum,
1594 2367 1678 2444 quod
1711 2363 1809 2444 absit,
1842 2371 1920 2430 ante
1950 2383 2040 2445 quam

389 2463 609 2544 prenominati
638 2465 702 2530 mei
721 2517 727 2530 .
747 2517 753 2530 .
770 2465 866 2532 liberi
896 2469 939 2532 ad
969 2487 1074 2533 annos
1104 2467 1247 2552 legitime
1279 2469 1379 2534 etatis
1410 2469 1621 2550 pervenerint
1648 2477 1682 2536 et
1704 2477 1783 2537 ante
1807 2491 1904 2552 quam
1927 2489 2042 2536 renun-

390 2567 567 2634 ciacionem
598 2577 632 2636 et
655 2571 914 2655 resignationem
937 2592 1036 2655 super
1060 2572 1231 2654 prelibatis
1254 2574 1348 2641 bonis
1371 2572 1521 2656 iecerint,
1548 2577 1739 2658 decesserit,
1766 2577 1980 2644 commonitus
2003 2578 2041 2642 ab

388 2673 460 2755 ipso
484 2675 610 2742 Jacobo
640 2677 694 2744 vel
724 2678 792 2744 suis
810 2734 816 2747 .
835 2731 841 2744 .
860 2679 1033 2745 heredibus
1063 2678 1153 2746 inira
1181 2699 1323 2748 mensem
1355 2682 1454 2748 alium
1483 2681 1706 2749 fideiussorem
1738 2682 1936 2749 substituam
1964 2702 2041 2763 eque

389 2782 518 2846 bonum.
574 2782 728 2864 Alioquin
752 2785 949 2867 superstites
980 2786 1043 2851 mei
1074 2786 1283 2853 fideiussores
1314 2789 1501 2855 commoniti
1531 2809 1630 2872 super
1659 2810 1709 2856 me
1739 2789 1957 2856 fideiussionis
1988 2808 2041 2854 sue

390 2887 536 2952 debitum
566 2889 717 2956 exolvere
748 2893 921 2972 debebunt,
947 2912 1113 2973 quousque
1142 2894 1227 2959 alter
1250 2895 1422 2962 fideiussor
1444 2895 1515 2962 loco
1539 2895 1688 2963 defuncti
1711 2917 1792 2978 eque
1815 2899 1960 2980 ydoneus
1987 2916 2042 2976 per

388 3012 439 3058 me
463 2990 563 3059 fuerit
587 2997 795 3079 subrogatus,
821 3005 854 3063 et
877 2999 937 3063 hec
961 2999 1095 3081 tociens,
1122 3000 1276 3080 quociens
1301 3004 1342 3068 ad
1358 3001 1540 3068 huiusmodi
1557 3023 1669 3069 casum
1686 3003 1886 3087 contingerit
1902 3003 2040 3068 evenire.

389 3101 428 3165 In
453 3100 545 3166 cuius
568 3101 617 3166 rei
638 3103 825 3168 memoriam
849 3111 883 3169 et
906 3105 1094 3171 firmitatem
1115 3106 1292 3187 pleniorem
1309 3115 1480 3188 presentes
1496 3109 1627 3175 litteras
1644 3109 1772 3193 sigillis,
1797 3110 1859 3176 mei
1870 3108 2040 3188 Wintheri,

390 3206 535 3272 Conradi
550 3214 583 3272 et
600 3207 793 3275 Theoderici
808 3211 1047 3292 canonicorum,
1072 3213 1259 3279 Heilmanni
1275 3221 1309 3279 et
1321 3211 1492 3282 Wolframi
1507 3215 1654 3296 militum,
1680 3213 1830 3298 fratrum,
1849 3216 2043 3283 sororiorum

390 3332 533 3378 meorum
558 3315 831 3398 supradictorum,
857 3317 1024 3399 sepedicto
1041 3321 1192 3385 Jacobo⁸
1214 3319 1344 3401 suisque
1367 3322 1542 3389 heredibus
1566 3322 1688 3389 tradidi
1704 3323 1877 3406 sigillatas.
1922 3324 1970 3388 Et
1986 3342 2042 3387 nos

390 3420 561 3485 Conradus
585 3427 619 3486 et
635 3421 855 3489 Theodericus
880 3423 1040 3504 canonici,
1065 3425 1281 3492 Heilmannus
1305 3425 1551 3494 etWollramus
1575 3427 1705 3510 milites,
1730 3426 1855 3495 fratres
1875 3429 2041 3500 antedicti.

389 3524 423 3589 in
447 3525 576 3608 signum
599 3528 706 3592 nostri
729 3547 908 3595 cousensus
931 3538 965 3595 et
987 3530 1021 3596 in
1045 3531 1267 3598 testimonium
1291 3533 1434 3600 omnium
1457 3534 1690 3615 premissorum
1714 3535 1823 3618 sigilla
1847 3543 1959 3602 nostra
1978 3555 2042 3600 una

391 3651 463 3696 cum
487 3631 593 3716 sigillo
608 3634 773 3700 Wintheri
796 3636 919 3717 militis,
949 3637 1068 3702 sororii
1091 3638 1197 3703 nostri
1222 3639 1385 3722 prelibati,
1411 3641 1619 3723 presentibus
1643 3642 1794 3708 duximus
1818 3645 2041 3724 appendenda.

390 3740 509 3804 Actum
534 3746 568 3804 et
592 3742 703 3805 datum
728 3761 814 3807 anno
838 3741 962 3807 domiui
984 3742 1153 3809 millesimo
1178 3744 1402 3813 tricentesimo
1427 3747 1549 3830 quinto,
1574 3748 1608 3812 iu
1633 3747 1793 3815 divisione
1814 3748 2040 3832 apostolorum.

606 3883 652 3936 Or.
667 3884 756 3953 qut.
771 3885 844 3947 (celer
862 3885 1032 3951 comodat).
1071 3885 1130 3939 Von
1149 3886 1201 3940 den
1213 3885 1319 3956 Sieqelo
1338 3888 1423 3958 bduqt
1443 3892 1470 3953 1)
1489 3889 1520 3942 ia
1533 3889 1735 3944 Brucbstrtclrcu
1755 3907 1802 3958 ou,
1820 3892 1851 3957 2)
1871 3890 1926 3944 aad
1936 3893 1966 3954 3)
1980 3889 2044 3945 sind

657 3973 818 4041 obpresallera
844 3976 873 4039 4)
898 3974 958 4027 aad
976 3978 1004 4039 5)
1023 3975 1087 4027 sind
1113 3975 1273 4044 besdrddipt.
1320 3976 1487 4046 Frrrnlsurt,
1505 3977 1608 4032 Archiv
1632 3978 1681 4032 der
1700 3979 1868 4034 Freiberreu
1891 3997 1941 4035 ooo
1958 3979 2043 4032 Hole-

656 4063 767 4116 bouem
788 4093 821 4099 —
838 4061 896 4115 Vna
915 4063 1077 4117 Notbuaius.

604 4150 717 4219 Reqcst:
735 4151 831 4218 Eulcr,
851 4151 971 4216 Franks.
985 4151 1206 4220 Neujobrsblatt,
1226 4157 1304 4220 1859,
1322 4156 1366 4221 25,
1384 4156 1434 4224 opi.
1449 4155 1484 4209 ib.
1499 4159 1575 4220 1878,
1596 4159 1638 4211 16.

391 4496 483 4574 863.
512 4506 655 4570 Volleroin
677 4529 737 4571 coo
747 4508 884 4573 Welelor
906 4509 972 4572 evod
994 4509 1105 4573 descen
1121 4509 1215 4575 Fruar
1238 4512 1409 4595 iiberqebeu
1432 4512 1847 4594 cleraWeisssraueulrloster
1861 4536 1903 4578 eu
1916 4511 1948 4576 F
1946 4513 2043 4577 roal-

505 4614 576 4694 furt
605 4618 671 4678 eine
694 4614 786 4695 Hufc
808 4615 990 4680 Arlc-rluud
1018 4617 1130 4680 iader
1155 4616 1359 4702 Geruorleuup
1384 4641 1443 4682 ooo
1469 4619 1639 4683 Ginoheim
1661 4621 1728 4684 aad
1751 4621 1929 4685 cresserdeur
1954 4621 2044 4683 ibren

505 4725 540 4784 io
569 4721 629 4784 dos
652 4720 783 4785 Kloster
813 4721 1093 4804 oerfqeuoouueaeo
1118 4722 1314 4788 Eulelioneu
1344 4727 1431 4789 einen
1458 4725 1645 4790 Gremdrius
1669 4727 1733 4807 auf
1753 4731 1773 4790 5
1799 4726 1966 4792 Hduscbeu
1992 4748 2043 4790 usu

510 4827 693 4906 Rossbiileel,
721 4829 851 4891 reelclrer
880 4829 962 4892 auch
991 4829 1085 4892 deren
1111 4830 1178 4893 Tod
1209 4831 1362 4912 ebensolls
1393 4853 1435 4896 oa
1465 4833 1526 4896 dus
1548 4831 1681 4896 Kloster
1710 4833 1813 4914 follem
1842 4833 1908 4897 soll.
1954 4838 2043 4896 1305

508 4935 684 5014 Srpderrrbcr
707 4943 737 4998 3.

497 5075 564 5139 Nos
580 5075 773 5157 Volgwinus
804 5079 843 5141 de
861 5075 1032 5142 Wetllaria
1062 5086 1095 5142 et
1127 5077 1318 5160 Gerdrudis,
1350 5098 1433 5145 uxor
1464 5079 1533 5145 eius
1563 5079 1720 5163 legitima,
1753 5079 1842 5158 cipes
1873 5081 2044 5146 Fruuken-

390 5179 572 5262 fordenses
598 5188 710 5247 tenore
743 5182 946 5262 presencium
965 5181 988 5254 ll
1006 5185 1279 5266 recognoscimus,
1305 5188 1390 5266 quod
1421 5187 1659 5252 communicata
1686 5206 1785 5252 manu
1809 5185 1940 5268 parique
1967 5207 2045 5252 con-

391 5308 489 5352 sensu
514 5289 554 5352 ob
578 5288 798 5370 receptionem
822 5290 1047 5355 Irmeudrudis
1071 5298 1105 5355 et
1122 5292 1314 5371 GerdrudiS,
1340 5292 1479 5358 filiarum
1497 5292 1522 5364 ll
1541 5295 1703 5372 quondam
1715 5292 1878 5376 Volgwini
1900 5291 1958 5357 filii
1981 5292 2045 5358 mei

390 5394 554 5477 Volgwini
570 5395 738 5473 antedicti,
748 5415 830 5476 quas
844 5449 850 5460 .
866 5449 872 5461 .
887 5396 1046 5477 priorissa
1062 5404 1095 5462 et
1110 5450 1116 5461 .
1132 5451 1138 5462 .
1154 5405 1335 5464 conventus
1351 5397 1648 5464 sanctimonialium
1664 5398 1787 5465 ordinis
1801 5398 1825 5472 ll
1837 5397 2043 5464 Peniteutum

390 5499 424 5564 in
448 5500 680 5566 Frankenlord
712 5501 764 5583 pie
795 5509 931 5584 propter
962 5505 1056 5568 deum
1085 5503 1119 5568 in
1147 5523 1239 5570 suum
1265 5504 1408 5570 ordinem
1432 5512 1639 5586 receperunt,
1665 5505 1762 5571 dictis
1780 5559 1786 5570 .
1807 5559 1813 5572 .
1831 5502 1987 5587 priorisse
2012 5513 2045 5571 et.

392 5605 634 5682 „conventuib
652 5628 752 5673 unum
770 5627 919 5674 mansum
935 5615 1023 5675 terre
1040 5609 1176 5676 arabilis
1191 5610 1225 5676 in
1242 5610 1389 5677 terminis
1405 5611 1482 5678 ville
1496 5610 1722 5694 Gynnenheim
1739 5610 1848 5692 situm,
1865 5613 2044 5677 accedente

658 5803 682 5851 s)
699 5799 758 5842 Oa:
772 5799 917 5851 ,dncobns¹.
945 5802 971 5854 b)
987 5800 1045 5845 Oa:
1058 5802 1177 5854 ,contnl·¹¹
