4400 6384
403 345 446 422 60
973 343 1150 399 resumsit
1180 377 1202 382 --
1223 345 1292 398 taso
1313 347 1422 414 sapiu
1440 345 1482 398 aa.

371 593 373 597 .
403 541 552 625 magistri
588 541 723 611 Nicolai,
764 542 818 624 qui
853 549 1008 624 tanquam
1046 543 1203 624 plebanus
1238 543 1341 626 ipsam
1378 541 1548 610 ecclesiam
1584 542 1783 625 possidebat,
1820 546 1859 609 de
1896 563 2068 609 consensu

404 648 601 715 venerabilis
633 649 737 730 patris
768 647 891 718 surim.
928 649 978 716 dei
1011 649 1121 732 gratia
1152 649 1337 732 Mammtiui
1370 649 1619 732 archiepiscopi,
1653 659 1685 716 et
1710 650 1864 718 Reiualdi
1898 651 2070 733 prepositi

404 753 734 838 Fraukeniordensis
761 760 800 822 ad
827 777 919 838 quiem
944 757 995 822 ius
1020 763 1216 840 patronatus
1245 756 1278 822 in
1303 756 1393 824 dicta
1415 756 1555 822 ecclesia
1578 757 1775 840 pertinebat,
1807 777 1936 824 necnon
1963 768 1998 824 et
2027 762 2069 824 de

403 854 572 929 voluntate
607 862 742 945 capituli
765 863 897 930 maioris
928 864 1063 930 ecclesie
1088 863 1290 947 Magantiue.
1324 867 1448 930 decano
1481 871 1515 930 et
1544 863 1689 947 capitulo
1719 865 1855 931 ecclesie
1884 866 2069 932 menken-

403 968 565 1036 iordensis
589 969 793 1050 comminus,
819 969 922 1052 ipsius
946 970 1082 1053 capituli
1106 970 1327 1036 communibus
1350 969 1463 1038 usibus
1482 972 1523 1035 ad
1548 971 1867 1054 aucgmeutatiouem
1892 973 2069 1053 prebende

402 1096 459 1142 sue
484 1076 673 1143 omnimodis
697 1075 913 1158 profuturam.
951 1077 998 1142 ita
1031 1084 1151 1143 tamen.
1185 1079 1271 1158 6666
1303 1076 1472 1158 vicarium,
1506 1077 1561 1158 qui
1592 1076 1627 1144 in
1659 1076 1732 1159 ipsa
1763 1079 1904 1144 ecclesia
1937 1081 2068 1146 debeat

401 1183 598 1262 ministrare,
634 1184 726 1250 uobis
760 1186 811 1250 vel
842 1184 963 1250 nostris
997 1182 1240 1250 successoribus
1272 1191 1511 1265 representem.
1545 1184 1601 1266 qui
1632 1187 1672 1250 de
1705 1185 1920 1268 proventibus
1955 1185 2069 1268 ipsius

402 1290 537 1356 ecclesie
562 1309 739 1374 congruam
756 1291 917 1374 percipiat
932 1291 1122 1372 portionem.
1160 1291 1199 1355 lu
1215 1290 1307 1356 cuius
1322 1289 1370 1356 rei
1386 1289 1607 1357 testimouium
1621 1290 1704 1374 ipsis
1719 1293 1843 1359 decano
1860 1300 1894 1357 et
1910 1293 2067 1375 capitulo

402 1395 767 1464 urankenforuensiuus
802 1418 935 1480 presens
968 1398 1127 1482 scriptum
1159 1397 1377 1465 concessimus
1410 1397 1509 1482 sigilli
1541 1398 1656 1479 nostri,
1690 1417 1814 1466 necnon
1847 1407 1879 1465 et
1913 1399 2067 1466 iudicum

402 1511 517 1569 sancte
541 1503 733 1588 blaguutiue
758 1504 854 1585 sedis,
888 1504 944 1586 qui
977 1505 1050 1571 buic
1083 1503 1263 1571 interfuere
1296 1504 1437 1588 negotio,
1470 1505 1684 1588 impressione
1715 1505 1883 1572 munitum.
1932 1508 2066 1573 Datum

402 1610 570 1692 Mogrrntie
595 1610 627 1676 in
652 1612 797 1677 claustro
822 1611 953 1678 maioris
977 1611 1122 1693 ecclesie,
1148 1633 1234 1678 anno
1257 1613 1300 1678 ll.
1327 1614 1388 1678 t't'.
1417 1592 1598 1681 XXXIX,
1622 1613 1704 1678 IIII.
1730 1633 1834 1679 nouas
1856 1613 1945 1680 maii.

617 1753 662 1808 Or.
672 1755 760 1824 Pyurt.
781 1754 955 1824 Arrbdnpmd
974 1759 1001 1822 1)
1012 1754 1100 1824 sepa
1109 1755 1232 1809 Ammlda
1257 1753 1387 1824 21816961
1398 1755 1447 1808 der
1459 1755 1589 1809 Maium
1598 1755 1755 1824 pciatla'cben
1765 1755 1884 1810 Richter.
1905 1753 1947 1809 St.
1959 1757 1996 1810 Δ.
2009 1757 2066 1810 Fr,

615 1841 1050 1998 θιάξαώψῗάἰῖἰιὲῗὴοω
1073 1932 1324 2002 Mop.,111,1ea.
1362 1933 1407 2001 Β,
1425 1936 1460 1986 66
1484 1933 1555 1988 suoi
1579 1933 1638 1986 dm
1659 1933 1706 1988 Or.
1743 1933 1907 2002 Reimer,1‚
1927 1935 2066 1991 116207.

667 2021 743 2075 ane.
761 2020 889 2089 Joonuis,
908 2021 964 2076 Res
981 2021 1065 2093 Mon,
1085 2022 1129 2090 II,
1147 2025 1208 2078 339.

618 2109 711 2163 Vera:
734 2109 809 2178 Will,
829 2110 934 2164 Maiae.
949 2109 1025 2180 Rea,
1045 2110 1201 2174 XXXIII,
1221 2111 1348 2164 116320.

401 2351 491 2426 117.
517 2359 780 2442 Ρι’6631Αν661(1
813 2383 869 2426 ron
894 2361 1138 2444 Muriruprrdrm
1168 2385 1208 2425 zu
1232 2363 1348 2426 61666
1378 2363 1444 2426 6611
1472 2366 1550 2426 zuei
1578 2363 1700 2446 dortipc
1721 2361 1979 2428 Domeunoniker
2009 2367 2063 2428 be·

518 2469 689 2546 primiclero,
722 2469 799 2532 dress·
834 2469 996 2537 Nicotaus,
1029 2470 1085 2532 (16·
1118 2469 1272 2552 berdemyc
1308 2468 1443 2550 Psurrm
1473 2492 1514 2532 eu
1546 2469 1793 2551 Biscbofsbeim,
1826 2471 1911 2536 deese
1932 2472 2064 2536 Kircdr

519 2597 584 2638 rom
616 2574 648 2638 F
649 2575 832 2656 rookfurter
864 2575 958 2656 suso
992 2581 1079 2638 6616·
1111 2579 1262 2657 66616661
1299 2576 1529 2660 Bediupuupeu
1560 2598 1620 2640 ron
1643 2577 1761 2641 Nouem
1794 2579 1931 2643 moulon
1966 2581 2061 2645 bubo.

517 2683 640 2760 braine,
666 2687 753 2746 1239
777 2681 903 2746 111614.

507 2823 672 2889 Arnoldus
707 2823 759 2889 dei
793 2823 903 2906 gratia
939 2824 1125 2906 prepositus
1160 2832 1274 2890 sancte
1308 2823 1411 2890 Marie
1446 2827 1487 2890 ad
1522 2824 1664 2905 Gradus,
1699 2825 1860 2909 magister
1881 2827 2060 2910 Philippus

401 2933 606 2996 decretorum
629 2932 752 2998 doctor.
779 2937 812 2996 et
836 2930 1033 3012 Berhardus‚
1060 2930 1208 2998 canonici
1226 2930 1250 3004 11
1266 2930 1399 2997 maioris
1423 2930 1559 2998 ecclesie
1581 2931 1784 3014 Magantine.
1824 2935 1877 2999 Ad
1901 2933 2060 3000 notit-iam

400 3037 625 3104 universorum
650 3045 717 3102 tam
741 3037 939 3120 presentium
965 3057 1061 3118 quam
1080 3035 1265 3102 futurorum
1281 3036 1430 3103 volumus
1446 3037 1627 3119 peruenire,
1652 3041 1838 3120 quodcum
1853 3039 2015 3123 magister
2032 3041 2059 3113 ft

400 3144 564 3226 Nicolaus‚
596 3146 757 3226 quondam
788 3143 947 3227 plebanus
977 3144 1008 3210 iu
1035 3143 1301 3224 Biscbovisbeim
1332 3144 1438 3227 ipsam
1469 3143 1638 3211 ecclesiam
1668 3144 1702 3211 ia
1732 3145 1993 3213 Biscborisbeim
2021 3149 2060 3214 in

400 3271 514 3317 manus
539 3250 719 3333 supradicti
743 3249 902 3333 prepositi
925 3249 1055 3324 lilibere
1079 3258 1114 3315 et
1137 3250 1207 3316 sine
1230 3250 1317 3315 omui
1341 3249 1525 3316 conditione
1550 3251 1763 3334 resignasset,
1795 3255 1837 3318 ad
1861 3253 2059 3335 petitionem

399 3364 545 3423 nostram
569 3359 712 3423 decanus
736 3365 769 3423 et
800 3356 978 3439 capitulum
1008 3355 1145 3422 ecclesie
1169 3353 1491 3422 Fraukeuiordensis
1520 3356 1609 3424 dicto
1639 3359 1799 3441 magistro
1822 3359 1861 3424 N.
1887 3357 2058 3441 prefatam

399 3463 570 3530 ecclesiam
594 3463 832 3544 commiserunt,
857 3464 906 3530 ita
930 3465 1014 3545 quod
1038 3463 1109 3544 ipse
1133 3462 1241 3529 omnia
1264 3482 1366 3528 onera
1388 3462 1524 3528 ecclesie
1548 3463 1651 3546 ipsius
1674 3472 1744 3530 taur
1758 3465 1792 3531 iu
1807 3467 2056 3535 kathedratico.

400 3591 496 3651 quam
518 3571 552 3640 in
576 3571 785 3652 sartistectis,
811 3590 936 3636 necnon
961 3569 1050 3638 etin
1074 3569 1149 3636 aliis
1172 3571 1292 3635 debeat
1316 3569 1496 3651 sustiuere;
1521 3578 1555 3636 et
1578 3569 1612 3637 in
1635 3569 1763 3654 signum
1787 3573 2008 3654 possessionis
2021 3583 2058 3640 et

400 3676 532 3742 dominii
547 3676 643 3742 dictis
660 3679 783 3743 decano
800 3684 834 3743 et
846 3677 990 3758 capitulo
1004 3675 1140 3742 ecclesie
1153 3674 1474 3742 Frankeniordensis
1491 3676 1559 3742 XII
1571 3677 1692 3744 maltro
1707 3677 1846 3762 siliginis
1857 3679 2057 3763 Maguntine

398 3803 548 3849 mensure
573 3790 606 3849 et
628 3785 645 3850 I
669 3791 834 3850 carratam
859 3783 925 3850 uini
941 3783 1050 3850 buuici
1067 3782 1236 3850 aunuatim
1252 3791 1398 3866 tempore
1413 3783 1566 3850 messium
1581 3791 1616 3850 et
1631 3783 1868 3852 vindemiarum
1883 3789 2056 3868 persolvat

399 3890 526 3956 nourine
551 3890 725 3972 pensionis.
773 3891 817 3956 Et
841 3910 881 3956 ne
905 3911 970 3972 qua
993 3890 1155 3958 dubitatio
1186 3909 1285 3972 super
1307 3889 1368 3954 boc
1391 3887 1482 3955 iacto
1507 3889 1612 3972 possit
1640 3890 1674 3956 in
1702 3899 1869 3974 posterum
1899 3894 2055 3963 suboriri

399 3996 575 4078 sepedictis
609 3999 733 4063 decano
769 4004 802 4062 et
837 3997 980 4078 capitulo
1017 4017 1151 4079 presens
1193 3996 1351 4079 scriptum
1392 3995 1610 4063 concessimus
1651 3997 1831 4081 sigillorum
1864 4007 2055 4067 nostrorum

398 4102 571 4168 munimine
604 4103 803 4169 roboratum.
860 4103 981 4168 Datum
1014 4102 1184 4186 Magantie
1218 4102 1250 4168 io
1284 4103 1429 4168 claustro
1462 4101 1596 4168 maioris
1628 4102 1775 4186 ecclesie,
1811 4124 1897 4171 auno
1931 4108 2056 4173 domiui

398 4210 441 4274 M.
467 4211 528 4274 till.
557 4209 736 4290 XXXIX„
762 4209 841 4276 ΙΙΙΙ.
868 4229 971 4276 nouas
994 4210 1079 4276 maii.

613 4351 659 4405 Or.
675 4352 761 4422 Ppnat.
791 4351 964 4422 Anbdupeud
983 4355 1011 4420 1)
1022 4353 1240 4407 wodlerbultmea
1258 4352 1345 4422 Sicpel
1363 4352 1492 4406 Arnolds.
1528 4355 1559 4420 2)
1573 4351 1723 4421 Siepelmt.
1761 4356 1789 4412 31
1803 4353 1891 4423 Siepd
1908 4356 2056 4412 astaus

664 4439 702 4494 St.
717 4443 752 4496 A.
767 4441 818 4495 Fr.
838 4441 937 4496 Banu.
952 4441 990 4496 St.
1011 4442 1156 4496 6162430.

612 4530 711 4584 Gedr.:
729 4529 855 4598 Joounia,
869 4530 924 4585 Rea
936 4529 1018 4598 Mop,
1033 4529 1058 4598 I,
1072 4533 1132 4583 339.
1152 4530 1195 4595 B.‚
1208 4533 1251 4598 66,
1270 4531 1387 4595 Reium,
1401 4531 1427 4598 I,
1447 4531 1477 4586 S.
1491 4535 1551 4598 160,
1571 4531 1624 4585 No.
1639 4535 1701 4600 266,
1721 4532 1796 4586 bade
1813 4535 1883 4588 6666
1900 4533 1959 4588 dem
1983 4535 2027 4589 Or.
2045 4577 2053 4588 .

397 4772 487 4848 118.
516 4781 651 4862 Bisclrof
664 4780 788 4862 1661611
812 4803 867 4845 rou
883 4781 1064 4866 Rutecburp
1089 4783 1288 4851 beu-rtauutct,
1312 4784 1391 4847 dass
1414 4806 1447 4846 er
1469 4789 1591 4847 66124.
1610 4785 2051 4867 [1696611239616Ρ6661·

511 4889 615 4969 surtcr
629 4888 749 4953 Kircbc
772 4887 938 4952 26111661-
960 4889 1014 4951 des
1032 4889 1188 4952 Heraeus
1204 4890 1302 4953 »Iesus
1320 4889 1467 4954 (11616166
1490 4892 1556 4954 rand
1579 4892 1633 4956 cles
1652 4891 1787 4974 heilipeo
1801 4891 2051 4960 Bartholomei.<

511 4997 690 5078 6166666111
712 4997 799 5068 liobe,
827 4995 938 5078 rorlayt
960 4997 1010 5059 dn
1027 4997 1186 5074 Ι1111611616
1208 4996 1302 5060 Fem-
1325 4998 1427 5061 ‹lieser
1442 4997 1654 5082 Eirurrihuup
1677 4998 1742 5080 nra(
1762 4999 1822 5062 den
1838 5004 1980 5084 6666169
1999 5025 2051 5065 ror·

511 5103 641 5167 Murice
670 5101 909 5183 Himruell'ulud,
943 5103 1007 5166 trud
1038 5104 1163 5168 cerleidt
1192 5104 1291 5169 61166.
1325 5105 1435 5167 661616
1463 5107 1565 5168 dieser
1596 5106 1771 5169 lmimolmcu
1805 5107 1870 5170 666
1901 5109 2047 5173 Abuosmr

510 5233 581 5273 eum
606 5209 981 5290 Κ1ν61661666666166,
1009 5214 1124 5293 mersio
1153 5210 1385 5292 1666411166.

501 5349 674 5418 Liudolius
698 5351 750 5417 dei
766 5351 876 5435 gratia
893 5351 1176 5435 Raazeburgeusis
1193 5353 1374 5435 episcopus.
1412 5353 1583 5420 Universis
1600 5374 1735 5437 presens
1754 5355 1913 5439 scriptum
1929 5356 2047 5422 uisuris

394 5467 506 5525 notum
522 5458 546 5532 11
562 5479 634 5525 esse
650 5460 808 5533 volumus,
834 5461 919 5540 quod
937 5478 995 5524 nos
1012 5478 1097 5524 anuo
1114 5458 1234 5525 domini
1250 5459 1294 5524 M.
1309 5461 1369 5526 (Ὁ
1391 5439 1577 5539 XXXIX,
1595 5459 1658 5526 IX.
1675 5461 1838 5528 kalendas
1854 5464 2047 5546 septembris

394 5566 564 5632 ecclesiam
589 5563 962 5638 Fraukenllfordensem
986 5565 1208 5632 dedicavimus
1237 5566 1448 5632 inhonorem
1479 5567 1656 5634 salvatoris
1687 5567 1809 5635 domini
1838 5570 1945 5635 nostri
1966 5572 2045 5637 lesu

394 5672 517 5740 Christi
551 5680 585 5738 et
620 5673 727 5739 sancti
762 5673 993 5739 Bartholomei.
1017 5671 1041 5745 11
1076 5671 1175 5738 Cuius
1210 5672 1448 5739 dedicationem
1482 5675 1744 5757 transposuimus
1779 5676 1918 5760 siugulis
1953 5678 2045 5744 anub

393 5778 554 5844 dominica
585 5779 635 5844 die
666 5786 743 5844 ante
768 5778 1022 5860 assumptionem
1052 5780 1149 5844 bea-te
1182 5780 1286 5845 Mau‘e
1318 5780 1456 5862 uirginis
1487 5781 1726 5848 celebrandam.
1774 5783 1933 5848 Omnibus
1964 5785 2044 5850 euim
