4400 6384
839 298 907 351 1272
927 297 1084 366 September
1103 298 1126 351 7.
1746 301 1808 367 151

147 498 337 577 eorundem,
363 494 501 561 maxime
519 514 592 561 cum
607 514 761 561 numerus
778 496 1026 577 prebendarum,
1043 514 1267 577 personarum,
1285 495 1445 561 ecclesie·
1465 513 1523 562 sue
1539 495 1677 577 utilitas,
1703 495 1810 562 cultus

148 601 281 669 diurnus
305 621 345 668 ex
368 601 552 668 huiusmodi
575 620 646 668 meo
670 608 839 683 propono
864 608 1035 685 augeatur
1085 600 1122 667 Si
1143 608 1253 668 autem
1276 605 1447 669 decessero
1467 622 1510 669 an
1512 610 1644 683 tequam
1662 602 1771 669 reddit
1757 610 1810 669 tus

150 670 268 779 xliii.
293 732 479 780 marcarum
513 712 733 796 compleam
724 720 803 779 1nt
841 720 986 795 o,tunc
1018 714 1132 781 ordino
1164 722 1198 780 et
1229 715 1319 797 volo,
1351 718 1438 796 quod
1467 718 1507 780 de
1537 714 1647 781 reddit
1633 714 1721 781 tibus
1752 734 1810 781 sex

149 840 336 887 marcarum
361 820 664 887 coloniensiumet
696 822 735 887 de
762 821 834 885 XV.
859 828 913 887 ιιι
899 820 1021 887 talibus
1052 807 1191 905 siliginis
1221 830 1400 904 perpetuus
1430 821 1575 889 vicarius
1605 824 1759 888 sacerdos
1790 842 1810 887 a

150 930 276 994 decano
301 934 333 993 et
359 926 503 1010 capitulo
527 926 732 1005 instituatur,
758 926 813 1009 qui
836 928 934 994 choro
958 927 1084 995 serviat
1108 929 1198 994 etin
1222 927 1321 995 altari
1345 929 1528 995 collaterali
1546 928 1616 995 sine
1631 928 1809 1010 preiudicio

150 1033 325 1100 cuiuslibet
356 1034 491 1100 cottidie
519 1034 609 1101 dicat
632 1034 773 1116 missam,
800 1038 839 1101 de
864 1035 1003 1117 septima
1026 1055 1105 1102 vero
1128 1056 1251 1117 marca,
1276 1054 1339 1117 que
1362 1043 1478 1117 restat,
1503 1036 1577 1104 volo
1601 1033 1713 1102 iacere
1737 1056 1810 1118 pre-

149 1140 290 1223 senciae,
320 1140 531 1251 ur0112mmihi
552 1142 672 1223 placet.
719 1142 801 1207 item
828 1142 855 1207 si
879 1141 1007 1208 domino
1032 1145 1132 1208 dante
1156 1142 1281 1208 tamdiu
1304 1143 1428 1226 vixero,
1453 1162 1621 1225 quousque
1644 1143 1809 1225 predictos

147 1252 300 1319 redditus
334 1254 450 1319 XIIII.
478 1272 663 1319 marcarum
694 1254 871 1336 compleam
894 1253 928 1319 in
953 1260 1033 1335 toto,
1058 1260 1137 1320 tunc
1161 1254 1274 1320 ordino
1298 1262 1332 1319 et
1355 1255 1439 1335 volo,
1465 1257 1550 1335 quod
1575 1260 1809 1336 postmortem

148 1378 265 1441 meam,
290 1367 337 1441 ut,
361 1360 419 1425 ubi
441 1361 602 1427 hactenus
617 1359 651 1425 in
671 1360 760 1425 dicta
778 1359 918 1426 ecclesia
933 1358 1067 1426 fuerant
1083 1363 1257 1426 dumtaxat
1273 1362 1438 1443 prebende
1454 1360 1632 1442 duodecim,
1653 1360 1810 1426 tredecim

149 1465 218 1531 sint
242 1466 406 1549 deinceps
432 1469 594 1548 adquam
618 1470 762 1533 decanus
786 1474 819 1533 et
843 1466 1022 1549 capitulum
1046 1466 1145 1549 eliget
1162 1467 1352 1532 canonicum
1370 1470 1584 1548 sacerdotem,
1609 1465 1664 1548 qui
1680 1468 1809 1549 plenum

148 1572 202 1638 ius
225 1574 361 1639 habebit
385 1573 534 1640 canonici
558 1580 592 1639 et
616 1572 750 1639 cottidie
774 1572 906 1638 missam
931 1572 1027 1653 dicet,
1053 1572 1106 1639 vel
1129 1572 1157 1637 si
1176 1593 1241 1639 non
1258 1574 1390 1656 poterit,
1415 1594 1487 1640 eam
1504 1580 1658 1656 procuret
1674 1572 1808 1640 cottidie

149 1679 216 1745 dici
245 1700 304 1762 per
334 1680 432 1745 alium
463 1683 675 1747 sacerdotem.
723 1680 758 1745 Si
788 1700 865 1747 vero
897 1684 1040 1746 decanus
1070 1688 1104 1745 ιι
1128 1679 1307 1762 capitulum
1331 1684 1373 1747 ad
1396 1682 1493 1747 XIII.
1520 1682 1719 1763 prebendam
1742 1699 1807 1746 non

148 1786 311 1870 elegerint
341 1786 532 1853 canonicum
564 1790 777 1869 sacerdotem,
809 1794 886 1853 tunc
917 1786 1051 1883 collusio
1082 1794 1117 1852 et
1146 1788 1314 1855 institutio
1339 1788 1565 1854 terciedecime
1589 1789 1753 1869 prebende
1775 1786 1810 1852 in

148 1913 269 1975 penam
311 1893 447 1975 capituli
489 1893 668 1975 pertinebit
710 1897 751 1959 ad
794 1893 955 1960 dominum
997 1892 1301 1976 archiepiscopumb
1327 1892 1403 1961 velb
1428 1893 1632 1976 prepositum
1673 1892 1810 1959 ecclesie

147 1998 486 2081 Frankenfordensis
512 2000 568 2081 qui
597 2003 743 2066 eamdem
770 1999 942 2065 conleret0
965 1999 1131 2065 sacerdoti
1153 2003 1291 2083 ydoneo,
1316 2001 1372 2082 qui
1395 2000 1530 2067 cottidie
1553 2000 1685 2067 missam
1709 1999 1808 2081 dicat,

147 2114 187 2172 ut
212 2113 264 2173 est
288 2105 478 2189 predictum.
526 2107 571 2172 Et
595 2125 666 2172 cum
690 2108 750 2173 hec
774 2106 817 2173 sit
841 2106 1031 2188 principalis
1054 2106 1197 2172 intencio
1217 2104 1318 2189 mea,d
1340 2109 1423 2189 nolo,
1449 2111 1535 2189 quod
1552 2106 1650 2173 alicui
1668 2106 1810 2188 preiudi-

148 2212 235 2279 cium
258 2214 319 2279 fiat
342 2233 402 2279 nec
426 2212 591 2279 canonicis
614 2233 712 2295 recep
715 2213 758 2279 tis
782 2220 859 2279 ante
882 2232 942 2293 me,
968 2212 1021 2279 vel
1044 2213 1191 2293 ecclesie,
1216 2215 1269 2281 vel
1292 2214 1442 2296 plebano,
1468 2214 1523 2295 qui
1542 2217 1717 2280 succedere
1733 2213 1810 2278 mihi

148 2327 272 2401 posset
250 2320 367 2385 ιΕι
394 2323 436 2386 ad
460 2320 684 2402 complendum
707 2321 767 2385 hcc
792 2320 900 2385 omnia
923 2341 944 2386 a
967 2318 1053 2385 festo
1076 2320 1168 2386 beati
1191 2322 1274 2387 Bart
1275 2321 1414 2387 holomei
1437 2325 1517 2388 adt
1503 2328 1573 2387 tres
1597 2340 1700 2386 annos
1723 2322 1810 2385 bona

146 2428 272 2492 fidet
238 2434 272 2492 et
296 2426 383 2493 omni
406 2426 479 2493 dolo
504 2426 635 2493 excluso
661 2426 768 2510 obligo
792 2446 842 2493 me
867 2446 925 2509 per
948 2426 1052 2492 fidem.

371 2568 417 2623 Or.
431 2569 507 2639 qu.
521 2569 571 2623 mit
589 2569 789 2639 abhanqeudem
812 2569 998 2640 bescbddiqtea
1017 2568 1112 2641 Sieqel.

365 2656 404 2711 st.
417 2658 452 2711 A.
468 2658 518 2711 Fr.
532 2658 631 2713 Bartb.
645 2656 684 2712 St.
698 2658 751 2712 No.
767 2661 843 2711 1210.

368 2746 466 2801 Getis:
482 2746 660 2814 Witrdtwein,
681 2746 760 2801 Dice.
774 2747 848 2817 Moy.
862 2747 906 2815 ΙΙ,
927 2750 986 2800 554.
1020 2748 1064 2814 13,
1085 2750 1138 2799 158
1155 2748 1226 2802 nacla
1244 2748 1303 2803 dem
1324 2747 1370 2803 Or.
1383 2765 1419 2802 ιιι
1437 2746 1525 2817 [Sept.
1542 2747 1579 2815 7].

374 2835 462 2889 Vera·
479 2835 553 2901 Will,
575 2835 679 2890 Maias.
693 2835 769 2904 Ray,
785 2836 932 2904 XXXVI,
952 2836 1004 2889 No.
1018 2838 1078 2889 273.

146 3105 244 3181 306.
270 3114 341 3179 Dus
364 3115 513 3179 dictaeo·
536 3116 694 3199 yeastlicbc
719 3115 848 3179 Geuicbt
872 3116 1071 3193 decoramur,
1096 3116 1174 3179 (loss
1199 3114 1337 3196 Psarrcr
1352 3114 1471 3196 Erpa-rt
1495 3115 1698 3196 rersprocbeo
1720 3115 1808 3192 habe,

267 3226 301 3285 ιιι
324 3223 380 3286 der
403 3221 437 3285 F
437 3222 622 3303 reclusoria·
637 3221 838 3302 Sitftskirrbe
861 3226 927 3286 ιιιιι
947 3244 1023 3287 raeco
1042 3222 1206 3286 Prudente
1226 3222 1285 3302 fiir
1301 3225 1390 3286 einen
1404 3222 1603 3286 dreirebntca
1617 3220 1810 3286 Kanom'lcas

266 3351 308 3393 au
330 3328 449 3410 sttftea.
497 3328 622 3407 Maiae,
648 3334 737 3393 1272
758 3330 933 3409 September·
961 3334 987 3392 7.

258 3470 389 3535 Iudices
420 3476 534 3537 sancte
564 3470 758 3554 Maguntine
790 3470 886 3551 sedis,
912 3469 1075 3537 universis
1107 3478 1277 3552 presentes
1307 3469 1438 3535 litteras
1468 3468 1667 3551 inspecturis
1697 3477 1808 3535 notum

147 3597 224 3644 esse
248 3576 407 3659 volumus,
432 3580 517 3658 quod
542 3584 678 3659 propter
700 3578 762 3643 hoc
784 3576 818 3642 ιιι
842 3585 958 3643 nostra
981 3576 1150 3659 presentia
1173 3576 1374 3643 constitutus
1396 3576 1570 3659 Erpertus,
1595 3575 1755 3657 plebanus
1776 3583 1810 3641 et

147 3684 329 3750 canonicus
345 3684 369 3756 ll
384 3684 724 3765 Frankenvordensis,
749 3683 942 3767 recognovit
961 3682 1098 3766 publice,
1125 3686 1209 3765 quod
1225 3683 1296 3766 ipse
1313 3686 1355 3748 ad
1371 3683 1500 3749 laudem
1516 3682 1569 3748 dei
1584 3690 1617 3748 et
1633 3682 1809 3748 remedium

148 3791 259 3857 anime
290 3810 347 3856 sue
376 3796 410 3856 et
433 3797 607 3874 parentum
630 3810 762 3857 suorum
784 3790 818 3856 in
842 3790 982 3856 ecclesia
1005 3789 1318 3857 Frankenvordensi
1341 3788 1490 3855 redditus
1513 3789 1609 3855 unius
1633 3791 1807 3871 prebende,

147 3918 233 3980 quos
248 3898 273 3969 ll
288 3900 329 3962 ad
354 3896 600 3978 quatuordecim
624 3917 753 3963 marcas
777 3896 983 3963 denariorum
1000 3895 1239 3963 Coloniensium
1263 3904 1297 3962 ιι
1319 3896 1502 3978 quindecim
1525 3895 1648 3962 octalia
1671 3894 1810 3979 siliginis

147 4004 294 4085 estimat,
320 4004 526 4086 comparabit
554 4004 588 4070 in
620 4004 759 4070 ecclesia
782 4002 1104 4084 Vrankenvordensi,
1129 4022 1265 4086 quorum
1295 4002 1480 4068 reddituum
1510 4005 1552 4067 ad
1583 4001 1728 4068 valorem
1751 4022 1810 4068 sex

146 4130 334 4177 marcarum
355 4110 378 4183 tl
397 4119 430 4176 ιι
460 4110 642 4192 quindecim
673 4111 826 4177 octalium
858 4110 996 4194 siliginis
1026 4110 1090 4175 iam
1122 4108 1392 4176 demonstrabit.
1421 4161 1426 4175 .
1453 4111 1576 4176 decano
1607 4116 1641 4175 ιι
1665 4110 1808 4191 capitulo

149 4216 478 4298 Frankenuordensi‚
504 4217 645 4298 reliquos
669 4216 817 4282 redditus
834 4224 907 4283 octo
927 4236 1112 4283 marcarum
1128 4215 1368 4283 eclanensium
1384 4215 1589 4297 comparabit
1604 4214 1693 4282 infra
1709 4215 1810 4282 trien·

147 4324 238 4390 ιιιιιιιι
256 4324 444 4390 continuum
461 4344 481 4389 a
496 4323 581 4389 lesto
597 4324 688 4389 beati
700 4323 922 4390 Bartholomei
940 4343 1024 4389 nunc
1042 4330 1213 4389 transacto
1226 4326 1470 4404 numerandum,
1484 4324 1546 4389 hoc
1559 4322 1698 4405 adiecto,
1712 4325 1807 4404 quod,

148 4433 179 4499 si
196 4434 334 4498 eundem
346 4431 524 4513 Erpertum
541 4431 714 4513 plebanum
731 4438 764 4496 et
780 4430 971 4497 canonicum
988 4437 1065 4497 ante
1082 4430 1328 4512 completionem
1342 4430 1526 4496 reddituum
1539 4436 1613 4494 octo
1626 4448 1809 4495 marcarum

148 4541 310 4605 decedere
341 4538 526 4621 contigerit,
558 4536 702 4604 vicarius
733 4544 912 4619 perpetuus
942 4536 1135 4603 instituetur
1165 4537 1199 4602 in
1230 4537 1369 4603 ecclesia
1399 4536 1725 4617 Frankenvordensi,
1757 4535 1810 4601 cui

149 4645 294 4729 predicti
319 4664 376 4711 sex
399 4664 584 4711 marcarum
609 4643 756 4710 redditus
780 4663 852 4709 cum
876 4664 1007 4710 annona
1030 4644 1181 4726 predicta
1205 4644 1463 4727 assignabuntur
1487 4663 1545 4725 pro
1562 4642 1729 4723 beneficio,
1754 4640 1810 4723 qui

147 4754 184 4818 in
209 4753 309 4817 choro
334 4752 497 4819 serviete
500 4750 571 4818 tin
595 4752 643 4817 alt
629 4752 695 4817 tari
718 4751 818 4818 collat
820 4750 950 4817 erali
926 4771 995 4817 s1ne
1019 4750 1198 4857 preiudicio
1223 4751 1397 4816 cuiuslibet
1383 4757 1467 4817 tcot
1453 4750 1547 4816 ttidie
1563 4750 1694 4816 missam
1710 4749 1807 4816 dicet.

148 4862 236 4926 Item
256 4865 332 4940 post
349 4858 498 4940 complet
489 4878 595 4925 ronam
613 4858 680 4924 dict
666 4866 773 4925 torum
789 4858 975 4924 reddituum
975 4865 1072 5030 llquat
1058 4857 1239 4923 tuordecim
1254 4877 1438 4923 marcarum
1456 4865 1489 4922 ιι
1505 4877 1633 4923 annone
1650 4856 1807 4939 predicte,

148 4965 249 5046 vtssul
280 4964 460 5031 ordinate
463 4970 576 5031 ttsta
577 4965 626 5031 uit
612 4964 732 5031 tidem
764 4966 886 5046 Erpert
888 4985 943 5047 us,
998 4973 1196 5030 tnumerus
1227 4964 1456 5031 canonicorum
1486 4964 1520 5029 in
1549 4984 1616 5030 una
1646 4972 1809 5048 augeatur

148 5092 304 5155 persona,
336 5078 382 5152 ut,
415 5071 470 5153 qui
499 5079 577 5138 ante
544 5070 741 5139 ttineran
772 5072 950 5154 duodecim,
975 5072 1131 5138 tredecim
1155 5079 1233 5137 tunc
1258 5071 1413 5153 existant,
1439 5079 1473 5137 ιι
1496 5075 1639 5137 decanus
1663 5079 1697 5137 et
1721 5072 1809 5154 capi-

147 5180 254 5247 tulum
286 5199 350 5245 non
381 5178 477 5245 alium
506 5176 589 5244 nisis
612 5182 816 5246 sacerdotem
840 5181 923 5244 bone
948 5179 1015 5245 vite
1039 5186 1072 5245 ιι
1097 5178 1358 5247 conversationis
1382 5182 1424 5243 ad
1448 5182 1584 5244 eandem
1608 5180 1807 5260 prebendam

147 5287 277 5371 eligant
308 5293 341 5352 et
371 5286 405 5351 in
435 5285 626 5353 canonicum
657 5293 690 5352 et
719 5284 857 5352 fratrem
881 5284 1054 5368 recipiant,
1080 5285 1135 5367 qui
1160 5285 1259 5352 etiam
1283 5284 1460 5352 canonicus
1483 5284 1628 5351 existens
1651 5285 1685 5350 in
1709 5285 1807 5351 choro

148 5393 330 5475 deserviat,
356 5400 393 5458 ut
417 5399 468 5458 est
491 5391 599 5473 moris,
625 5392 841 5475 septimanam
866 5412 959 5458 suam
982 5396 1154 5473 servando,
1181 5392 1264 5458 alias
1287 5391 1321 5457 in
1345 5392 1445 5457 altari
1469 5392 1650 5458 collaterali
1673 5391 1808 5457 cottidie

148 5502 285 5567 missam
309 5500 408 5581 dicat,
434 5498 497 5565 nisi
520 5499 683 5582 corporali
705 5498 896 5566 infirmitate
919 5500 972 5567 vel
989 5499 1055 5566 alia
1070 5498 1254 5566 inevitabili
1269 5498 1468 5565 necessitate
1483 5499 1658 5581 impeditus
1675 5497 1807 5580 existat,

421 5699 445 5742 ι)
467 5694 507 5735 Or.
526 5692 617 5744 ,eccle“
640 5693 701 5735 olene
716 5691 1001 5735 Abbreriatur·Zeu'cbea.
1037 5693 1062 5740 b)
1085 5684 1149 5735 Uber
1166 5692 1210 5735 der
1226 5692 1299 5735 Zeila
1333 5695 1355 5736 cl
1376 5696 1448 5743 ,ιιιινί
1461 5692 1607 5744 pertarum.
1644 5692 1668 5741 (ιι
1687 5691 1756 5745 „volo
1770 5695 1809 5735 et“

364 5764 510 5818 aertrieben.
546 5769 568 5817 e)
584 5763 624 5808 Or.
636 5763 713 5817 „wlt“.
747 5753 848 5814 nUber
862 5763 906 5806 der
920 5762 993 5807 Zetle.
