4400 6384
957 340 1033 393 1254.
1573 316 1575 319 ⁴
1779 343 1822 406 89

167 535 339 619 resignare
372 535 565 617 decreverit,
603 540 688 617 qnod
721 555 890 601 successor
920 535 1033 618 ipsius
1069 556 1163 617 quem
1195 540 1237 602 ad
1268 536 1374 618 ipsam
1407 536 1602 620 dignitatern
1636 535 1823 602 duxerimus

168 641 363 725 eligendum,
388 650 465 709 ante
489 642 672 726 ingressum
696 644 784 709 curie
809 649 882 707 octo
905 662 1036 709 marcas
1060 642 1299 709 Coloniensium
1322 643 1530 709 denariorum
1554 662 1612 724 pro
1636 662 1824 723 recompen-

166 749 295 815 satione
320 768 537 830 expensarum
560 748 594 815 in
618 749 752 815 edificiis
776 749 919 815 eiusdem
950 749 1037 815 crrrie
1062 747 1227 815 laetarum
1260 749 1290 815 ei
1322 748 1482 828 conferat,
1517 749 1577 815 sub
1610 749 1674 815 hac
1707 747 1822 831 forma,

167 858 254 936 quod
278 855 386 921 dictus
409 856 557 921 dominns
581 858 631 937 F,
664 855 903 922 concanonicus
927 863 1049 936 noster,
1082 855 1218 937 reditus
1249 856 1303 924 vel
1329 856 1462 938 curiam,
1495 856 1564 924 sive
1595 860 1722 923 donum
1752 876 1824 921 cum

167 961 312 1027 denariis
327 962 432 1043 ipsius
449 970 545 1045 emat,
564 962 683 1044 quibus
700 970 846 1045 tempore
862 963 929 1029 vite
943 982 1000 1029 sue
1013 970 1137 1044 utatur,
1152 971 1185 1030 et
1198 966 1402 1046 postmodum
1415 967 1457 1030 ad
1470 963 1640 1030 ecelesiam
1653 965 1825 1030 Franken-

167 1064 354 1135 ferdensem
378 1072 515 1135 redeant
546 1072 705 1136 absolute.
753 1072 836 1135 Item
871 1069 1038 1151 adicimus,
1072 1078 1109 1136 ut
1143 1070 1171 1137 si
1203 1070 1305 1137 vitam
1337 1070 1565 1137 terminaverit
1595 1070 1629 1136 in
1662 1072 1825 1135 decanatu

170 1174 326 1257 existens
363 1179 403 1242 de
438 1176 573 1243 edificiis
605 1177 788 1259 sumptibus
819 1176 886 1243 suis
917 1177 1006 1243 circa
1036 1176 1216 1259 predictam
1248 1178 1372 1244 curiam
1402 1175 1502 1243 iactis
1532 1177 1673 1259 quinque
1704 1176 1824 1243 solidos

166 1281 491 1349 Frankenlordensis
514 1291 642 1350 monete
667 1290 778 1365 preter
795 1284 923 1365 priores
940 1283 1080 1365 quinque
1097 1284 1218 1350 solidos
1235 1286 1276 1350 ab
1293 1284 1366 1365 ipsa
1382 1284 1474 1349 curia
1490 1286 1531 1350 ab
1549 1283 1684 1365 antiquo
1701 1283 1825 1349 solutos

166 1388 304 1455 ecclesie
329 1396 441 1455 nostre
464 1390 589 1473 legavit
611 1390 644 1455 in
669 1390 896 1457 anniversario
921 1409 979 1455 suo
1004 1390 1173 1455 annuatim
1197 1392 1379 1471 solvendos
1405 1394 1489 1471 quod
1513 1390 1626 1472 utique
1650 1410 1671 1456 a
1693 1389 1825 1471 quibus-

164 1494 248 1560 libet
272 1495 517 1561 successoribus
541 1496 608 1561 suis
632 1504 792 1578 perpetuo
817 1496 992 1562 statuimus
1021 1497 1200 1563 observari.
1248 1498 1407 1563 Preterea
1438 1516 1510 1562 curn
1541 1498 1703 1577 quondam
1733 1516 1825 1578 sepe-

165 1601 276 1666 dictus
300 1600 447 1667 dominus
463 1602 513 1683 ll,
539 1609 652 1667 noster
675 1602 923 1684 concanonicus,
950 1609 1099 1685 tempore
1124 1602 1324 1669 turbationis
1348 1603 1443 1669 huius
1466 1603 1500 1668 in
1524 1602 1665 1686 negotiis
1689 1602 1824 1669 ecclesie

167 1714 281 1773 nostre
305 1708 387 1773 satis
411 1708 523 1774 arduis
547 1708 734 1775 mitteretur
758 1708 847 1775 etin
871 1708 988 1775 itinere
1011 1709 1067 1775 illo
1092 1729 1171 1775 casu
1195 1707 1332 1776 fortuito
1357 1716 1541 1791 caperetur,
1566 1710 1696 1775 labores
1720 1716 1753 1775 et
1776 1709 1825 1775 in-

168 1817 339 1880 commoda
355 1814 512 1880 sustinuit
527 1814 665 1895 infinita,
691 1835 817 1882 necnon
835 1836 996 1898 expensas
1013 1815 1093 1882 lecit
1110 1816 1143 1881 in
1160 1816 1366 1898 captivitate,
1384 1836 1467 1898 quas
1483 1818 1525 1882 ad
1541 1816 1680 1900 triginta
1696 1836 1825 1881 marcas

166 1919 285 2003 legalis
317 1920 452 2002 pecunie
484 1921 660 2003 estimavit,
687 1941 758 1987 curn
790 1928 899 1988 autem
929 1922 1111 1988 huiusmodi
1136 1926 1310 2004 dampnum
1334 1926 1421 2005 apud
1445 1922 1616 1989 ecclesiam
1642 1922 1826 2004 requireret

166 2046 241 2091 cum
269 2026 431 2093 instantia
454 2034 488 2093 et
512 2028 651 2094 ecclesia
675 2035 763 2094 esset
785 2028 981 2095 insufficiens
1011 2029 1045 2094 in
1070 2029 1236 2109 solvendo,
1262 2029 1292 2095 ei
1322 2049 1380 2111 pro
1405 2028 1705 2111 recompensatione
1729 2028 1825 2093 huius

167 2132 303 2214 dampni
326 2134 476 2200 duximus
499 2134 740 2217 indulgendum,
766 2142 812 2217 ut,
838 2136 866 2201 si
888 2140 1083 2201 decanatum
1100 2155 1191 2201 suum
1209 2136 1438 2219 resignaverit,
1464 2134 1549 2201 sicut
1565 2135 1746 2218 predictum
1762 2142 1824 2216 est,

167 2239 353 2305 absentiam
378 2260 469 2306 suurn
495 2248 661 2323 tamquam
685 2242 840 2325 simplicis
865 2242 1012 2308 canonici
1036 2262 1095 2323 per
1118 2242 1307 2308 decennium
1339 2242 1534 2324 tolleremus,
1566 2243 1626 2307 sub
1656 2243 1719 2307 lrac
1749 2261 1825 2307 con-

166 2344 292 2411 ditione
317 2354 349 2412 et
373 2345 489 2429 forma,
522 2353 607 2429 quod
632 2348 840 2414 medietatem
864 2351 1028 2430 prebende
1052 2369 1110 2415 sue
1134 2348 1305 2415 annuatim
1335 2349 1364 2414 ei
1394 2368 1466 2414 cum
1490 2347 1682 2430 integritate
1714 2348 1825 2414 debita

166 2451 399 2535 ministremus,
426 2456 465 2520 de
489 2454 616 2536 reliqua
639 2475 717 2522 vero
743 2462 838 2538 parte
863 2454 1057 2537 ordinemus,
1084 2459 1297 2537 quodcunque
1322 2454 1415 2521 nobis
1439 2461 1473 2520 et
1496 2454 1632 2520 ecclesie
1648 2453 1824 2521 viderimus

167 2557 332 2639 expedire.
379 2558 508 2626 Prelati
531 2581 657 2642 quoque
689 2564 798 2627 decem
830 2562 909 2627 anni
938 2560 1097 2642 incipient
1128 2581 1260 2627 currere
1291 2562 1453 2643 continue,
1487 2580 1558 2626 oum
1588 2560 1723 2626 desierit
1752 2580 1824 2625 esse

166 2667 322 2746 decanus
355 2666 432 2747 quia
455 2687 492 2733 eo
518 2667 679 2734 existente
704 2671 827 2734 decano
855 2668 1040 2734 absentiam
1070 2687 1162 2733 suam
1192 2669 1375 2735 nullomodo
1407 2667 1578 2750 patiemur.
1626 2669 1824 2751 Quocunque

166 2778 278 2837 autem
301 2792 387 2840 anno
410 2772 500 2839 infra
524 2774 697 2841 terminum
715 2775 778 2840 sibi
792 2774 953 2841 indultum
968 2776 1030 2840 hac
1046 2774 1252 2859 indulgentia
1267 2778 1412 2858 gaudere
1428 2773 1579 2855 voluerit,
1604 2794 1664 2840 nos
1680 2772 1824 2855 prescire

165 2876 268 2943 faciet
301 2898 444 2945 mensem
477 2900 574 2946 unum
608 2888 642 2946 et
675 2884 786 2946 vadat.
838 2881 871 2946 Si
904 2900 982 2947 vero
1016 2887 1091 2963 post
1123 2884 1294 2946 decursum
1324 2881 1505 2962 aliquorum
1536 2900 1695 2947 annorum
1717 2880 1825 2946 redire

164 2983 318 3067 voluerit,
344 3006 403 3051 nos
426 3006 568 3053 mensem
595 2988 712 3054 iterum
738 2987 882 3069 prescire
905 2985 1010 3053 iaciat
1034 2994 1067 3053 et
1090 2990 1206 3053 redeat
1229 2990 1428 3070 prebendam
1451 2987 1579 3071 integre
1599 2993 1823 3069 percepturus.

164 3090 251 3156 item
275 3092 442 3175 adicimus,
479 3097 563 3175 quod
597 3094 631 3159 in
666 3094 818 3161 absentia
841 3114 902 3160 sua
935 3094 964 3159 ei
997 3093 1238 3161 reservabimus
1269 3094 1321 3161 ius
1354 3094 1557 3175 electionum,
1591 3094 1625 3159 in
1658 3093 1825 3175 presentia

167 3203 279 3263 autem
311 3219 383 3265 erun
414 3203 454 3265 ad
488 3201 595 3267 omnia
618 3200 700 3281 iura,
727 3221 788 3282 que
812 3200 939 3267 ratione
964 3200 1100 3266 canonia
1125 3208 1324 3284 competunt,
1356 3200 1573 3267 admittemus.
1621 3202 1694 3265 Hac
1723 3200 1825 3283 igitur

165 3303 372 3388 indulgentia
395 3313 430 3372 et
453 3306 601 3373 omnibus
626 3307 700 3373 aliis
716 3306 910 3388 prenotatis
936 3306 999 3373 nisi
1014 3305 1101 3373 forte
1117 3328 1138 3373 a
1153 3307 1321 3388 superiore
1337 3307 1446 3388 aliquo
1460 3307 1643 3387 irritentur,
1667 3306 1825 3390 gaudebit

164 3408 279 3491 libere,
316 3412 538 3479 renuntiando
574 3433 655 3496 pure
690 3423 724 3479 et
759 3413 908 3480 absolute
944 3413 1031 3479 omni
1061 3414 1192 3495 actioni,
1226 3434 1322 3495 quam
1352 3414 1468 3480 habuit
1500 3420 1617 3480 contra
1647 3412 1824 3494 capitulum

165 3522 201 3581 et
232 3536 400 3598 personas.
449 3520 494 3585 Et
517 3526 554 3585 ut
576 3520 644 3586 ista
667 3520 776 3607 omnia
798 3523 898 3586 robur
920 3521 1066 3586 habeant
1089 3520 1256 3587 firmitatis
1283 3528 1317 3586 et
1347 3541 1368 3586 a
1397 3520 1559 3602 partibus,
1591 3528 1659 3585 tam
1689 3522 1822 3600 decano,

165 3642 263 3703 quam
299 3625 454 3707 capitulo,
493 3626 728 3693 inviolabiliter
769 3628 1002 3709 observentur,
1045 3647 1182 3710 presens
1225 3630 1391 3693 decretum
1425 3626 1603 3709 sigillorum
1639 3635 1823 3692 nostrorum

164 3729 342 3796 munimine
365 3733 566 3798 roboramus
607 3735 726 3799 Actum
743 3754 828 3800 anno
845 3715 888 3799 il.
904 3735 1124 3800 ducentesimo
1142 3733 1408 3817 quinquagesimo
1420 3714 1514 3815 Hit,
1533 3741 1650 3815 quarto
1662 3733 1824 3799 kalendas

165 3837 362 3903 novembris.

382 3980 428 4035 Or.
442 3981 530 4051 Ppmt.
560 3982 733 4051 Anddnpend
760 3987 788 4049 1)
804 3983 855 4037 dus
881 3983 1047 4051 bescdddipte
1074 3981 1281 4051 Capitclsoiepel,
1307 3984 1336 4049 2)
1350 3981 1438 4052 Sieqel
1457 3982 1625 4037 Friedriciu.
1664 3978 1704 4034 St.
1718 3980 1752 4034 A.
1768 3980 1819 4035 Fr.

434 4070 532 4123 Barth.
547 4070 586 4125 St.
607 4071 659 4125 No.
675 4076 734 4125 181.

382 4176 482 4231 Gedu:
499 4178 544 4244 B,
563 4182 597 4232 91
619 4180 688 4232 vrocb
707 4179 767 4233 dcta
788 4179 833 4233 Or.
878 4180 934 4248 Vqr.
955 4179 1090 4247 Fiedord,
1116 4178 1292 4245 Walterara'a‚
1311 4178 1336 4244 Ι,
1355 4182 1397 4230 tt‘l.

164 4622 259 4698 185.
283 4631 423 4712 Biscbof
445 4632 597 4697 Heinrich
622 4656 681 4697 eon
703 4636 790 4701 (loscl
814 4636 932 4699 evtlrcilt
955 4635 1013 4715 fiir
1036 4636 1096 4698 den
1120 4635 1361 4718 beubsiclrtiplcn
1378 4632 1585 4698 Kircbenbua
1608 4634 1664 4697 dcv
1679 4632 1824 4697 Deretini-

283 4740 381 4803 doner
405 4743 438 4803 in
460 4738 494 4803 F
493 4741 645 4822 rrvvzlrsurd
670 4743 758 4806 ibren
784 4742 996 4806 delibutae-n
1019 4744 1108 4805 teitan
1130 4742 1260 4805 Abiuss.
1310 4741 1443 4820 Worrna,
1469 4745 1565 4805 1254.

275 4907 397 4973 Frater
426 4908 602 4974 Heinricus
633 4908 685 4973 dei
715 4908 829 4992 gracia
860 4908 1031 4976 Osiliensis
1062 4909 1236 4991 episcopus
1267 4908 1483 4975 Livoniensis.
1515 4908 1679 4974 universis
1703 4908 1825 4974 (luisti

164 5013 318 5080 fidelibus
342 5016 480 5080 salutem
504 5014 537 5080 in
562 5014 690 5081 domino
715 5016 956 5098 sempiternam.
976 5015 1000 5089 d
1027 5015 1197 5101 Quoniam,
1222 5022 1260 5080 ut
1276 5014 1324 5081 ait
1340 5015 1518 5097 apostolus
1540 5035 1650 5081 omnes
1665 5014 1825 5081 stabimus

165 5127 246 5187 ante
277 5120 423 5187 tribunal
446 5120 578 5203 Christi,
611 5121 785 5203 recepturi,
818 5128 916 5204 prout
944 5121 1104 5205 gessimus
1126 5121 1160 5187 in
1184 5142 1331 5204 corpore,
1357 5122 1426 5188 sive
1450 5124 1569 5188 bonum
1593 5121 1695 5187 luerit
1711 5119 1738 5194 ll
1755 5122 1825 5190 sive

164 5227 297 5307 malum,
332 5234 462 5309 oportet
486 5248 545 5294 nos
578 5228 663 5294 diem
693 5228 864 5295 messionis
897 5235 1042 5295 extreme
1073 5228 1296 5295 misericordie
1329 5229 1482 5311 operibus
1515 5228 1696 5311 prevenire.
1746 5230 1825 5293 Cum

163 5334 269 5419 igitur
292 5333 402 5400 dilecti
425 5334 518 5401 nobis
548 5335 581 5400 in
606 5334 736 5402 Christo
763 5334 888 5401 iratres
907 5334 930 5409 ll
950 5335 1056 5402 nostri
1086 5336 1210 5401 ordinis
1233 5336 1480 5402 Predioatorum
1512 5338 1625 5400 domus
1649 5336 1824 5400 Franken-

164 5440 338 5508 vordeusis
361 5441 531 5507 ecclesiam
555 5444 596 5507 ad
620 5442 774 5509 honorem
799 5442 851 5509 dei
874 5449 907 5509 et
930 5445 1028 5509 beate
1052 5442 1190 5526 virginis
1213 5442 1318 5509 Marie
1350 5443 1502 5509 edificare
1536 5448 1731 5524 proponant,
1765 5461 1825 5507 nec

163 5548 214 5614 eis
239 5548 366 5613 adhoc
390 5547 520 5629 proprie
545 5555 725 5631 suppetant
748 5548 937 5631 facultates
970 5550 1219 5617 universitatem
1244 5559 1388 5617 vestram
1412 5568 1576 5633 rogamus
1601 5568 1767 5615 monemus
1791 5556 1825 5614 et

163 5656 337 5721 hortamur
358 5654 392 5720 in
417 5655 554 5737 domino,
579 5655 612 5721 in
637 5656 859 5723 remissionem
882 5656 977 5725 vobis
1002 5656 1225 5739 peccaminum
1248 5656 1466 5739 iniungentes,
1492 5664 1654 5739 quatenus
1675 5655 1824 5722 debonis

162 5760 261 5829 vobis
285 5764 388 5827 adeo
412 5761 541 5828 collatis
565 5762 638 5844 pias
662 5763 709 5829 eis
733 5764 926 5830 elemosinas
950 5763 1104 5847 erogetis..
1144 5765 1212 5829 Nos
1236 5762 1321 5831 enim
1344 5762 1493 5829 omnibus
1516 5784 1594 5831 vere
1617 5762 1768 5830 contritis
1792 5769 1826 5828 et

221 5908 388 5955 Frankiurter
402 5910 600 5955 Urkundaubuoh
615 5912 632 5955 Ι.
1685 5904 1718 5957 12
