4400 6384
696 342 764 397 1287
783 343 893 411 August
912 342 946 397 29
966 372 995 381 -·
1020 341 1088 397 1287
1108 340 1265 409 September
1285 340 1325 395 18.
1770 342 1834 406 257

451 537 490 591 St.
504 538 539 591 A.
553 537 604 591 Fr.
620 538 717 591 Barth.
733 537 771 593 St.
785 537 839 591 No.
853 540 931 590 4019.
968 534 1024 589 Die
1036 534 1165 588 Urlrunde
1177 539 1330 588 mutabunt
1341 534 1484 599 eweifellos
1497 534 1556 587 dem
1569 532 1836 600 ditectenjddr'scben

451 626 710 681 Geneirrde-Arehiv
727 642 762 681 eu
783 625 948 689 Frankfurt.

397 714 496 770 Gedn:
521 715 565 779 R,
590 718 651 769 232.
705 714 760 768 Die
792 714 1003 768 transsumirlen
1028 714 1128 766 Bellen
1159 711 1223 765 sind
1248 712 1412 766 soractense
1436 710 1564 765 Portant
1590 711 1643 764 No.
1664 712 1752 764 12596
1778 711 1836 764 und

450 804 503 859 No.
516 806 613 858 20861.

181 1034 273 1110 533.
295 1042 365 1107 Der
388 1043 606 1126 Frankt‘erter·
629 1044 758 1129 Biiryer
782 1045 906 1109 Arnolrl
932 1066 988 1109 eone
1004 1044 1184 1109 Erlenbocb
1209 1042 1353 1122 rerlrnost
1370 1004 1418 1105 'noc
1440 1043 1500 1106 des
1516 1040 1647 1107 Kloster
1663 1044 1834 1128 Arnsburq

296 1151 480 1215 underthelb
505 1151 617 1232 Hufen
646 1154 681 1214 in
710 1151 765 1214 der
790 1150 994 1233 Genrerlcnnq
1027 1172 1083 1215 eon
1106 1150 1310 1215 Sebeealbeeb
1340 1150 1406 1213 erent
1435 1150 1535 1213 erln'ilt
1562 1153 1607 1214 sie
1632 1154 1663 1213 in
1687 1150 1835 1215 Erbleihe

295 1258 423 1321 escriols.
472 1260 562 1320 1287
581 1256 710 1341 Aeequst
732 1260 785 1321 29.

287 1396 448 1465 Noverint
471 1395 617 1464 universi
640 1405 810 1480 presentes
833 1399 964 1465 litteras
979 1396 1170 1479 inspecturi,
1196 1399 1278 1478 quod
1303 1416 1363 1480 ego
1379 1395 1545 1461 Arnoldus
1561 1396 1668 1463 dictus
1684 1401 1724 1463 de
1739 1398 1834 1464 Erle-

180 1506 275 1585 bach,
307 1503 388 1570 civis
419 1504 751 1587 FrankinvordensiS,
772 1503 795 1577 ll
814 1525 886 1572 cum
919 1503 1164 1571 conmunicatis
1196 1502 1346 1569 manibus
1369 1501 1516 1585 Benigne
1548 1502 1661 1568 uxoris
1692 1523 1762 1570 mee
1793 1525 1833 1570 ac

180 1610 318 1676 Arnoldi
340 1608 458 1675 sororii
479 1609 543 1675 mei
566 1610 701 1691 parique
726 1630 886 1677 consensu
902 1614 1077 1677 eorundem
1100 1608 1234 1676 vendidi
1250 1608 1377 1674 domino
1396 1660 1402 1672 .
1422 1659 1428 1674 .
1448 1605 1592 1679 abllbati
1607 1614 1640 1674 et
1658 1610 1834 1675 conventui

181 1716 373 1782 monasterii
396 1719 436 1782 de
459 1716 635 1799 Arnsburg
657 1737 715 1798 pro
741 1718 885 1782 XXVII.
908 1716 1027 1782 marcis
1050 1735 1199 1783 mansum
1222 1734 1321 1780 unum
1345 1721 1378 1780 et
1402 1714 1577 1796 dimidium,
1603 1715 1685 1781 sitos
1707 1714 1742 1780 in
1766 1723 1833 1782 ter·

178 1822 274 1888 minis
295 1820 321 1895 ll
342 1822 418 1889 ville
448 1822 621 1903 Svalbach‚
654 1822 867 1905 proprietatis
896 1822 967 1889 iure
998 1829 1157 1904 perpetuo
1189 1820 1412 1904 possidendae,
1444 1820 1505 1886 tali
1535 1840 1614 1886 sane
1643 1810 1832 1888 condicione

179 1927 353 2009 mediante,
379 1930 464 2009 quod
489 1925 613 2010 prelati
635 1928 783 1995 dominus
807 1930 910 1995 abbas
935 1934 968 1995 et
992 1933 1173 1994 conventus
1196 1930 1327 1993 eosdem
1340 1945 1489 1993 mansum
1505 1932 1539 1992 et
1555 1926 1720 1992 dimidium
1736 1927 1833 1993 michi

179 2040 213 2100 et
237 2034 385 2100 omnibns
408 2033 583 2100 heredibus
606 2034 686 2100 meis
710 2034 905 2101 successivis
928 2034 998 2100 iure
1021 2033 1221 2100 hereditario
1246 2040 1480 2099 concesserunt
1495 2053 1554 2115 pro
1573 2034 1651 2099 XII.
1670 2034 1832 2099 octalibus

179 2139 319 2224 siliginis
349 2139 446 2206 annis
476 2139 612 2224 singulis
641 2141 873 2207 Frankinvord
905 2140 938 2206 in
969 2140 1061 2205 curia
1089 2139 1235 2221 ipsorum
1258 2139 1381 2223 iugiter
1404 2139 1637 2220 persolvendis.
1685 2142 1779 2224 Quod
1804 2140 1832 2206 si

180 2245 288 2326 aliquo
320 2253 466 2328 tempore
497 2246 653 2311 iamdicta
683 2246 794 2327 pensio
826 2265 1018 2327 quacunque
1049 2250 1088 2312 de
1120 2266 1222 2311 causa
1253 2252 1407 2326 porrecta
1430 2265 1494 2311 non
1517 2243 1620 2311 tuerit
1642 2252 1720 2312 ente
1747 2246 1831 2313 diem

179 2352 272 2418 beati
288 2352 491 2433 MichaheliS,
517 2351 570 2419 vel
593 2352 705 2433 eciam,
731 2351 760 2417 si
775 2352 935 2419 antedicti
951 2372 1082 2417 mansus
1102 2358 1136 2417 et
1152 2351 1303 2417 dimidios
1318 2351 1405 2417 inter
1420 2353 1558 2418 heredes
1573 2372 1662 2418 meos
1678 2352 1831 2418 distracti

178 2457 233 2524 vel
262 2457 359 2524 divisi
387 2458 665 2540 proporcionatim
694 2478 846 2539 nmquam
875 2458 1001 2526 inventi
1032 2455 1166 2538 inerint,
1195 2457 1309 2523 statim
1332 2465 1452 2523 extunc
1475 2458 1646 2524 memorati
1669 2460 1773 2524 abbas
1797 2465 1831 2524 et

179 2570 361 2632 conventus
393 2568 433 2630 de
462 2564 543 2647 ipsis
574 2584 609 2629 se
638 2564 860 2630 intromittent
890 2564 1039 2631 absolute
1070 2584 1110 2630 ac
1139 2564 1251 2646 libere,
1284 2564 1475 2631 ordinantes
1505 2566 1546 2630 de
1575 2564 1656 2647 ipsis
1680 2564 1830 2646 quicquic

178 2670 300 2736 eisdem
330 2670 507 2753 expediens
536 2670 643 2737 visum
672 2668 783 2752 fuerit,
815 2670 902 2736 nullo
933 2670 1023 2751 iuris,
1056 2669 1262 2751 exceptionis
1291 2672 1343 2737 vel
1372 2670 1642 2736 contradictionis
1666 2667 1829 2753 suffragio

179 2796 241 2843 nos
271 2784 393 2843 tuente.
441 2778 491 2843 De
521 2784 615 2843 recta
643 2797 722 2844 vero
752 2776 923 2843 warandia
947 2774 1100 2842 iacienda
1122 2776 1157 2842 in
1179 2776 1250 2843 iure
1273 2776 1430 2843 canonico
1454 2784 1486 2842 et
1511 2776 1599 2844 civili
1622 2776 1829 2843 fideiussores

177 2882 343 2949 constituo
358 2883 542 2949 Johannem
567 2886 771 2965 advocatum,
797 2884 820 2949 J
822 2884 982 2949 ohannem
1006 2886 1044 2949 de
1061 2883 1279 2966 Esseinhayn,
1294 2882 1492 2966 Wigandum
1510 2883 1611 2949 filium
1627 2883 1827 2965 Lukkardis,

177 2995 212 3054 et
241 2989 265 3054 J
267 2990 427 3055 ohannem
456 2989 579 3055 dictum
608 2989 739 3055 Krebiz.
787 2990 904 3055 Testes
935 2989 1050 3056 harum
1080 3008 1188 3055 rerum
1220 2997 1314 3054 sunt:
1346 2989 1520 3055 Hartlibus
1550 2989 1657 3055 dictus
1681 2990 1827 3071 Villicus,

177 3096 350 3160 Cunradus
367 3097 548 3162 advocatus
563 3095 597 3160 in
615 3096 788 3178 Svalbach,
807 3096 895 3162 cives
911 3098 1258 3177 Frankinvordenses3
1284 3096 1475 3163 Gerhardus
1491 3094 1630 3177 villicus,
1653 3096 1828 3163 Heinricus

176 3198 296 3282 Rufus,
321 3201 530 3267 Hermannus
553 3200 638 3267 filius
662 3202 835 3284 Ostberne,
868 3201 1088 3269 Theodericus
1112 3203 1276 3283 Melwere,
1301 3201 1483 3285 Wigandus
1506 3200 1591 3267 filius
1615 3203 1825 3285 carpentarii,

174 3307 382 3373 Hartmudus
410 3307 495 3373 filius
515 3309 609 3375 (iude
633 3311 673 3374 de
690 3307 863 3390 Svalhach,
889 3314 923 3375 et
946 3308 1003 3374 alii
1026 3309 1234 3391 quamplures
1257 3307 1421 3391 fidedigni.
1468 3308 1508 3373 In
1532 3327 1669 3389 quarum
1692 3318 1826 3375 rerum⁸

176 3411 399 3478 testimonium
430 3432 565 3495 presens
596 3413 753 3495 scriptum
784 3414 983 3496 appensione
1008 3414 1107 3497 sigilli
1128 3413 1356 3481 universitatis
1379 3411 1701 3480 Frankeniordensis
1725 3415 1828 3497 petivi

175 3524 210 3584 et
241 3517 368 3584 obtinui
397 3517 555 3585 roborari.
603 3519 723 3585 Actum
754 3526 787 3585 et
818 3523 930 3585 datum
961 3540 1046 3586 anno
1078 3520 1199 3586 domini
1227 3520 1394 3586 millesimo
1427 3514 1468 3586 eb.
1491 3500 1755 3603 lxxxvi1,in
1775 3522 1826 3587 die

174 3623 399 3691 decollationis
421 3624 514 3691 beati
535 3624 698 3691 Johannis
720 3626 875 3708 baptiste.

392 3765 438 3820 Or.
451 3765 540 3835 Ppmt.
558 3766 607 3819 mit
626 3766 787 3837 Sladlsiepel
806 3771 848 3833 (2)
875 3786 912 3822 an
936 3774 1039 3838 priiner
1063 3769 1123 3823 und
1144 3768 1251 3823 rbeiscer
1269 3769 1460 3835 Henfrchnur.
1498 3770 1575 3824 Lien

442 3854 557 3923 Regem:
574 3855 674 3909 Arrace.
690 3854 781 3924 Ureu,
795 3859 854 3910 146.

170 4156 267 4230 534.
289 4163 362 4230 Dos
385 4164 724 4233 Deetsebordensbous
752 4190 794 4231 ee
819 4168 932 4233 Meiere
962 4170 1125 4233 nereiebtet
1154 4171 1218 4251 aces
1244 4173 1310 4234 eine
1333 4169 1506 4254 Kornyiilt,
1532 4171 1642 4235 welche
1671 4173 1736 4236 ibn
1765 4173 1825 4238 des

288 4268 626 4337 Deutschordensbees
641 4295 683 4337 en
698 4275 959 4339 Secbsenleousen
982 4276 1085 4339 bisber
1108 4298 1149 4339 ee
1165 4277 1334 4340 eretricbten
1348 4278 1441 4341 batte.
1477 4281 1567 4341 1287
1580 4278 1755 4358 September
1771 4286 1823 4344 18.

281 4411 348 4477 Nos
384 4409 491 4478 irater
523 4411 723 4479 Godelridus
756 4418 1005 4498 conmendator,
1038 4412 1145 4482 frater
1174 4418 1266 4483 Anzo
1298 4424 1331 4482 et
1363 4415 1469 4483 irater
1496 4418 1679 4501 Wigandus
1712 4424 1825 4486 domus

168 4516 370 4583 'Pheutonice
385 4518 419 4583 in
434 4519 621 4601 Maguncia,
646 4526 758 4585 notum
781 4540 852 4586 esse
869 4521 1015 4603 cupimus
1031 4520 1223 4595 univerllsis
1240 4530 1274 4589 et
1289 4524 1551 4607 recognoscimus
1568 4545 1626 4606 per
1642 4533 1822 4608 presentes

167 4624 259 4703 quod
284 4623 458 4703 prehabito
482 4623 717 4691 deliberatione
741 4626 888 4709 provida,
914 4647 1075 4694 consensu
1098 4628 1244 4696 unanimi
1266 4630 1457 4712 simpliciter
1481 4640 1512 4697 et
1535 4630 1637 4697 libere
1653 4632 1823 4699 renuncia-

166 4727 279 4794 vimus
296 4728 321 4801 ll
339 4737 374 4795 et
402 4730 610 4812 presentibus
640 4732 868 4799 renunciamus
895 4734 1077 4801 redditibus
1100 4734 1220 4818 viginti
1243 4744 1277 4802 et
1299 4745 1441 4816 quatuor
1463 4737 1661 4804 maldrorum
1685 4740 1823 4823 siliginis

165 4834 364 4919 Maguntine
392 4856 553 4919 mensure,
586 4858 647 4918 que
679 4842 912 4906 conmendator
942 4848 975 4906 et
1005 4838 1130 4908 iratres
1148 4842 1173 4914 ll
1190 4846 1304 4909 domus
1332 4841 1648 4911 Frankiniurdensis
1679 4846 1823 4912 eiusdem

164 4940 387 5026 professionis
417 4943 511 5009 nobis
541 4964 580 5010 ac
611 4945 720 5011 domui
748 4953 861 5012 nostre
892 4947 1061 5013 annuatim
1092 4955 1251 5031 perpetuo
1285 4949 1412 5015 solvere
1436 4952 1643 5034 tenebantur,
1669 4958 1823 5034 quemad-

163 5052 301 5115 modum
332 5068 366 5115 se
397 5048 490 5115 nobis
517 5050 585 5116 suis
608 5050 729 5118 litteris
754 5054 943 5135 patentibus
968 5055 1203 5137 astrinxerant,
1230 5076 1288 5137 pro
1313 5076 1361 5137 ec,
1387 5056 1463 5138 quia
1487 5057 1566 5123 dicti
1590 5063 1822 5126 conmendator

163 5162 204 5221 et
237 5153 362 5221 iratres
392 5175 452 5221 nos
483 5176 504 5222 a
533 5158 708 5224 vexatione
739 5160 836 5242 gravi
865 5180 904 5226 ac
934 5161 1156 5242 inpedimento
1181 5163 1388 5245 decimarum,
1414 5167 1455 5230 ad
1480 5163 1651 5230 ecclesiam
1675 5172 1822 5232 nostram

162 5262 351 5346 Bleseberg
381 5262 604 5347 attinencium,
636 5264 704 5331 suis
733 5266 902 5332 laboribus
932 5273 964 5333 et
996 5268 1148 5349 expensis
1182 5288 1221 5334 ac
1245 5272 1325 5334 data
1348 5269 1496 5351 pecunia,
1522 5274 1563 5336 od
1589 5290 1650 5352 que
1673 5292 1733 5337 nos
1756 5292 1822 5338 non

161 5367 372 5450 suffecimus,
407 5388 488 5452 erga
526 5370 666 5437 nobilem
705 5371 810 5439 virum
843 5373 1006 5439 dominum
1039 5375 1194 5441 Ottonem
1225 5376 1375 5441 comitem
1407 5378 1447 5442 de
1477 5378 1649 5443 Nassouue
1680 5384 1714 5444 et
1744 5398 1821 5445 suos

161 5474 308 5541 heredes
332 5482 491 5557 perpetuo
515 5485 714 5544 exemerunt.
750 5479 871 5545 Verum
895 5479 972 5560 quia
994 5480 1125 5547 litteras
1149 5502 1248 5562 super
1271 5481 1453 5548 redditibus
1478 5483 1634 5565 predictis
1651 5484 1821 5552 contectas

159 5588 200 5649 et
234 5580 329 5647 nobis
359 5601 380 5648 a
409 5580 571 5649 iratribus
601 5585 788 5651 memoratis
812 5588 852 5652 de
876 5585 1104 5653 Frankinlurd
1128 5592 1225 5654 datas
1249 5591 1290 5655 ad
1314 5608 1450 5670 presens
1474 5590 1682 5673 perdidimus,
1707 5612 1821 5675 recog-

438 5778 462 5825 ι)
480 5762 542 5818 dier
556 5774 600 5818 uer
614 5774 687 5819 zare.

222 5890 388 5934 unulfum
400 5889 597 5934 Urkundeubuch
612 5891 628 5934 1.
1661 5892 1696 5947 33
