4400 6384
395 330 459 396 342
1120 326 1190 382 moc
1207 327 1263 382 nar
1281 327 1324 384 21.

510 548 569 592 *aar
597 527 712 590 diesem
734 525 800 589 rand
824 547 883 590 oon
905 525 975 589 dem
998 526 1231 590 Scbcllhcisscu
1251 527 1372 592 Volrcd
1396 528 1546 592 heboalca
1565 527 1773 610 Nooolfcldcr
1796 531 1843 595 bei
1863 530 2047 616 Franhsurt

509 634 568 716 fiir
589 639 634 698 28
657 633 768 698 Aclrtcl
793 633 917 698 Wciccn
941 633 1093 714 jiihrlich,
1132 655 1276 718 toopcpcn
1298 632 1453 699 Heinrich
1483 635 1548 716 anf
1574 635 1635 700 olle
1657 635 1846 721 Artaqniirhc
1874 641 2046 720 ueraichtct,

509 742 559 806 die
582 763 616 805 cr
631 761 692 806 cns
707 745 792 805 einer
808 762 866 804 con
881 740 1078 822 Erebischol'
1101 741 1230 806 Wcrner
1252 762 1313 806 roa
1327 741 1443 806 Maiae
1461 741 1530 824 jhm
1553 764 1607 806 cm
1623 749 1674 807 10.
1691 743 1765 809 Jalr·
1780 750 1869 810 1278
1890 748 2047 813 ethedlm

514 847 705 931 Vcrlcr'bunq
728 847 828 911 dieses
854 847 990 910 Zchntcrc
1014 847 1146 912 chlcitcn
1168 847 1288 912 thunre.
1336 854 1424 912 1296
1446 848 1522 914 Mai
1543 855 1596 915 21.

500 971 662 1039 Noverint
678 969 825 1038 universi
848 969 1052 1052 presencium
1075 969 1289 1052 inspectores,
1314 975 1400 1052 quod
1423 991 1506 1038 noa.
1527 1025 1533 1037 .
1551 975 1696 1040 decanus
1719 980 1913 1058 totumque.
1934 1031 1940 1042 .
1959 978 2046 1061 capi-

395 1081 498 1146 tulum
525 1077 661 1144 ecclesie
685 1075 1014 1143 Frankenvordensis
1043 1076 1094 1142 ius
1114 1075 1139 1150 ll
1155 1084 1314 1160 nostrum,
1345 1077 1499 1146 videlicet
1528 1079 1686 1146 decimam
1715 1089 1862 1148 nostram
1891 1084 2046 1151 maiorem

394 1186 559 1255 novalium
583 1187 670 1266 apud
685 1185 935 1265 Franhenvord
962 1202 1023 1264 que
1039 1183 1203 1250 Henricus
1226 1184 1318 1250 miles
1342 1185 1449 1250 dictus
1473 1189 1513 1251 de
1528 1187 1722 1269 Prumheim‚
1747 1187 1940 1270 quonlldam
1964 1193 2048 1257 scul-

394 1301 484 1360 tetus
508 1290 847 1371 Frankenvordeusis
873 1295 906 1354 et
929 1291 1093 1356 Volradus
1117 1290 1218 1372 miles,
1250 1292 1412 1358 scultetus
1435 1293 1774 1378 Frankeuvordensis,
1803 1297 1924 1379 colunt,
1949 1318 2048 1381 super

394 1401 511 1484 quibus
535 1398 733 1480 aliquamdiu
759 1397 890 1470 caullsa
914 1397 983 1464 sive
1008 1397 1134 1478 questio
1158 1398 1245 1465 inter
1268 1419 1338 1480 nos,
1363 1399 1517 1466 videlicet
1534 1452 1540 1465 .
1560 1453 1566 1465 .
1584 1403 1743 1467 decanum
1767 1408 1801 1468 et
1818 1454 1825 1468 .
1843 1456 1850 1468 .
1869 1405 2047 1486 capitulum

394 1529 435 1574 ex
456 1513 552 1590 parte
572 1525 638 1572 uua
658 1511 691 1570 et
712 1502 877 1587 prelatum
893 1504 1071 1571 Henricum
1088 1525 1128 1572 ex
1145 1505 1261 1587 altera,
1278 1505 1511 1587 verlltebatur,
1532 1509 1575 1572 ad
1591 1508 1856 1576 exhortacionem
1872 1513 2048 1592 proborum

394 1615 538 1683 virorum
562 1620 596 1678 et
617 1611 786 1678 consilium
803 1611 1021 1677 concessimus
1037 1619 1070 1678 et
1087 1619 1201 1678 tenore
1218 1612 1421 1694 presencium
1437 1614 1643 1679 concedimus
1659 1615 1887 1696 prenominato
1903 1619 2048 1685 Henrico

395 1729 429 1788 et
459 1721 526 1787 suis
555 1719 730 1785 heredibus
761 1721 820 1783 sub
852 1737 963 1784 annua
992 1718 1149 1800 pensione
1179 1739 1238 1802 pro
1261 1720 1380 1804 viginti
1411 1721 1573 1787 octalibus
1603 1721 1743 1805 siliginis
1773 1743 1902 1790 aunone
1931 1726 2049 1809 legalis

395 1825 724 1896 Frankenvordensis
754 1845 903 1892 mensure
934 1832 1093 1908 perpetuo
1129 1826 1368 1908 possidendam.
1422 1830 1528 1912 Quam
1557 1827 1712 1896 videlicet
1744 1829 1932 1912 pensionem
1965 1833 2049 1899 idem

394 1935 558 2002 Henricus
582 1941 615 1999 et
639 1933 689 1998 sui
713 1934 849 1998 heredes
873 1933 968 1998 nobis
992 1952 1091 2014 super
1115 1934 1305 2017 granarium
1328 1939 1477 2002 nostrum
1493 1935 1545 2002 vel
1561 1937 1700 2018 domum,
1725 1956 1823 2018 quam
1838 1941 2050 2020 deputaveri-

395 2043 740 2126 muS‚F1·anlrenvord
775 2037 863 2104 inira
893 2040 955 2105 duo
989 2039 1076 2106 lesta
1108 2041 1345 2124 assumpciouis
1375 2048 1408 2108 et
1441 2041 1630 2109 nativitatis
1658 2045 1757 2110 beate
1781 2044 1886 2111 blarie
1910 2046 2048 2130 virginis

395 2149 634 2232 presentabunt
665 2153 698 2212 et
728 2145 947 2228 assignabunt
976 2147 1044 2213 suis
1074 2147 1242 2214 laboribus
1273 2154 1306 2214 et
1330 2148 1491 2230 expensis.
1539 2149 1585 2214 Et
1608 2149 1637 2215 si
1660 2150 1768 2231 alique
1791 2152 2045 2234 meliorationes,

395 2256 547 2324 videlicet
578 2254 612 2320 in
644 2253 849 2336 agricultura
879 2253 931 2320 vel
957 2257 1124 2320 domorum
1148 2255 1293 2338 edificiis,
1324 2256 1358 2320 in
1388 2253 1529 2337 prelatis
1552 2256 1725 2324 novalibus
1754 2255 1844 2324 lacte
1868 2257 2046 2326 fuerintin

395 2363 551 2446 futurum,
583 2368 718 2443 propter
748 2361 809 2426 hoc
840 2360 1068 2441 prenominata
1098 2361 1211 2444 pensio
1235 2361 1354 2445 viginti
1377 2363 1531 2428 octalium
1558 2363 1697 2447 siliginis
1720 2385 1786 2431 non
1809 2365 1976 2433 minuetur
1997 2368 2046 2435 vel

396 2468 664 2554 augmentabitur
686 2467 751 2532 ullo
776 2471 879 2533 modo.
928 2468 973 2533 Et
997 2469 1034 2550 si,
1064 2472 1151 2550 quod
1173 2470 1271 2551 absit,
1296 2473 1422 2553 grando
1446 2470 1499 2535 vel
1522 2471 1686 2554 generalis
1709 2473 1875 2539 exercitus
1898 2475 2045 2556 predicta

395 2577 528 2645 novalia
556 2573 783 2642 molestaverit
813 2595 870 2641 seu
900 2575 1112 2658 destruxerit,
1146 2575 1297 2658 prefatus
1327 2576 1491 2643 Henricus
1522 2585 1580 2643 aut
1609 2579 1661 2645 sui
1689 2580 1827 2647 heredes
1857 2599 1959 2662 super
1987 2582 2044 2646 hiis

395 2684 529 2766 facient,
555 2686 640 2764 quod
663 2681 744 2747 iuris
767 2680 869 2748 luerit
892 2689 926 2748 et
950 2684 1195 2750 consuetudinis
1220 2690 1308 2749 terre
1325 2684 1489 2767 generaHs
1513 2686 1663 2752 debonis
1679 2686 1831 2768 superius
1854 2694 1889 2754 et
1911 2686 2043 2754 iuferius

396 2791 646 2872 circumquaque
677 2789 759 2856 sitis.
806 2790 963 2857 Preterea
993 2790 1162 2872 predictus
1191 2791 1351 2856 scultetus
1382 2799 1441 2856 aut
1470 2790 1522 2857 sui
1550 2792 1688 2858 heredes
1712 2796 1752 2860 de
1779 2793 1892 2860 novali
1914 2795 2043 2861 Volradi

396 2897 528 2964 sculteti
559 2895 741 2979 supradicti
771 2902 805 2961 et
834 2895 987 2962 heredum
1019 2917 1150 2963 suorum
1180 2897 1280 2964 nichil
1310 2896 1450 2979 amplius
1479 2897 1648 2979 requirent
1678 2917 1736 2965 seu
1763 2899 1930 2983 accipient
1954 2921 2043 2983 quam

396 3005 554 3071 decimam
577 3005 743 3084 hucusque
767 3011 942 3084 receptam.
990 3004 1164 3070 Adiectum
1188 3010 1240 3070 est
1263 3004 1376 3086 eciam,
1408 3007 1492 3086 quod
1525 3005 1554 3070 si
1576 3004 1724 3071 dominus
1748 3014 1885 3073 noster.
1906 3060 1912 3072 .
1930 3009 2043 3074 Roma-

396 3130 510 3178 norum
534 3130 601 3191 rex,
627 3109 681 3177 vel
703 3113 903 3177 reverendus
927 3117 1023 3191 poter
1046 3131 1085 3177 ac
1110 3111 1259 3177 dominns
1279 3119 1415 3178 noster.
1436 3164 1441 3176 .
1461 3111 1726 3194 archiepiscopus
1741 3113 1966 3197 Maguntinus,
1988 3123 2043 3182 aut

396 3217 532 3285 ecclesie
549 3224 661 3284 nostre
677 3217 872 3299 prepositus,
898 3237 955 3283 seu
972 3218 1143 3300 quisquam
1159 3219 1245 3285 alter
1260 3218 1311 3284 ius
1327 3225 1484 3300 nostrum,
1509 3222 1594 3300 quod
1609 3219 1644 3285 in
1661 3219 1861 3302 supradictis
1877 3222 2042 3287 novahbus

395 3328 562 3406 habemus
588 3345 608 3390 a
632 3323 725 3390 nobis
755 3344 814 3406 per
842 3323 1005 3390 iusticiam
1030 3324 1167 3392 evicerit
1190 3345 1247 3392 seu
1272 3326 1447 3392 abstulerit
1470 3326 1641 3409 violenter,
1672 3328 1734 3394 hoc
1758 3327 1822 3393 erit
1844 3329 1880 3394 in
1904 3337 2043 3394 nostrum

396 3431 609 3515 preiudicium
634 3438 732 3513 atque
756 3435 941 3514 dampnum,
973 3435 1029 3498 sed
1060 3451 1120 3498 nec
1143 3432 1214 3514 ipse
1237 3432 1410 3514 Henricus‚
1442 3453 1500 3499 seu
1524 3433 1695 3514 quisquam
1718 3435 1804 3500 alter
1827 3436 1955 3502 nomine
1977 3455 2040 3514 suo,

397 3545 438 3607 ad
471 3542 532 3606 hoc
562 3537 731 3605 adhibebit
760 3539 903 3620 aliquam
933 3559 1075 3621 operam,
1108 3539 1287 3622 consilium,
1319 3540 1373 3608 vel
1403 3539 1566 3622 iuvamen,
1601 3544 1870 3621 quemadmodum
1902 3542 2042 3625 promisit

395 3647 537 3714 fideliter
553 3649 633 3712 data
648 3646 720 3712 fide.
746 3647 885 3728 Insuper
902 3644 1052 3727 prelatus
1064 3631 1238 3729 Henricus‚
1253 3647 1414 3728 quondam
1431 3647 1601 3729 scultetus
1615 3667 1675 3730 pro
1692 3667 1727 3715 se
1744 3654 1776 3714 et
1794 3648 1863 3715 suis
1875 3650 2042 3716 heredibus

396 3753 604 3821 renunciavit
621 3752 708 3819 omni
723 3752 855 3835 actioni,
881 3772 942 3834 que
959 3753 1022 3819 sibi
1045 3756 1085 3819 de
1108 3752 1179 3820 iure
1195 3753 1249 3821 vel
1272 3757 1312 3819 de
1328 3751 1418 3820 facto
1435 3761 1621 3836 competere
1637 3763 1749 3837 posset
1765 3763 1883 3824 contra
1897 3777 2042 3824 reveren-

397 3865 472 3928 dum
496 3867 624 3944 patrem
648 3879 687 3926 ac
711 3859 872 3925 dominum
891 3911 897 3924 .
918 3913 923 3924 .
942 3859 1223 3942 archiepiscopum
1247 3860 1486 3944 Maguntinum,
1519 3862 1574 3943 qui
1600 3882 1660 3945 pro
1684 3869 1831 3946 tempore
1855 3863 1962 3945 fuerit,
1991 3862 2043 3929 vel

397 3975 514 4035 contra
553 3967 726 4034 ecclesiam
765 3966 995 4050 Maguntinam
1030 3967 1202 4033 occasione
1239 3967 1460 4049 predictorum
1495 3967 1671 4051 novalium,
1712 3988 1849 4051 quorum
1884 3969 2043 4038 novalium

396 4075 554 4142 decimam
569 4075 655 4140 idem
671 4074 834 4140 Henricus
851 4075 1023 4140 asserebat
1047 4073 1110 4140 sibi
1133 4093 1323 4140 concessam
1339 4093 1396 4140 seu
1413 4074 1594 4158 obligatam
1609 4097 1668 4158 pro
1685 4078 1908 4161 quadraginta
1929 4075 2043 4142 marcis

397 4181 605 4248 denariorum
617 4181 857 4248 boloniensium
873 4201 893 4246 a
909 4184 1089 4248 reverendo
1106 4188 1202 4264 patre
1218 4201 1258 4246 ac
1274 4181 1402 4248 domino
1416 4182 1607 4265 Wernhero,
1625 4186 1786 4265 quondam
1803 4183 2042 4266 archiepiscopo

397 4288 602 4372 Maguntin0‚
629 4287 746 4370 quibus
762 4287 917 4356 videlicet
940 4288 1163 4371 quadraginta
1186 4287 1306 4354 marcis
1328 4287 1415 4353 idem
1438 4287 1612 4372 Henricus‚
1637 4290 1713 4356 olim
1736 4291 1907 4373 scultetus
1930 4309 1984 4372 pro
2004 4307 2042 4354 se

397 4404 431 4462 et
462 4395 530 4460 suis
561 4395 734 4461 heredibus
765 4394 971 4462 renunciavit
1000 4394 1192 4476 simpliciter
1222 4400 1256 4460 et
1285 4395 1421 4476 precise.
1469 4395 1692 4464 Renunciavit
1713 4417 1842 4479 quoque
1868 4397 2043 4480 prehbatus

397 4502 561 4568 Henrious
593 4501 741 4568 omnibus
768 4501 905 4584 litteris,
938 4521 1000 4583 que
1031 4501 1094 4568 sibi
1122 4504 1199 4568 date
1227 4500 1362 4567 luerunt
1391 4521 1491 4584 super
1521 4503 1731 4570 concessione
1761 4523 1820 4572 seu
1851 4503 2041 4589 obligatione

397 4609 520 4675 decime
543 4609 732 4692 supradicte
749 4629 769 4676 a
784 4611 965 4677 reverendo
987 4614 1082 4690 patre
1107 4608 1235 4675 domino
1248 4609 1440 4691 Wernhero,
1456 4609 1651 4694 Maguntino
1667 4610 1914 4694 archiepiscopo
1930 4630 2043 4692 supra-

397 4718 495 4798 dicto,
521 4723 552 4782 et
576 4717 668 4799 ipsas
690 4716 821 4783 litteras
845 4715 938 4782 nobis
960 4715 995 4782 in
1019 4715 1147 4799 signum
1170 4715 1431 4783 reuunciacionis
1455 4718 1670 4799 presentavit.
1715 4720 1870 4785 Ceterum
1892 4720 1919 4785 si
1940 4716 2043 4783 dictus

397 4823 560 4890 Henricus
583 4823 637 4892 vel
660 4824 712 4890 sui
734 4824 871 4890 heredes
894 4822 969 4905 ipsa
992 4823 1125 4890 novalia
1147 4826 1289 4891 vendere
1309 4823 1363 4891 vel
1386 4823 1531 4890 alienare
1548 4824 1720 4907 voluerint,
1745 4825 1963 4893 vendicionem
1983 4843 2043 4888 seu

397 4930 632 4997 alienacionem
654 4929 838 4997 huiusmodi
861 4950 927 4996 non
948 4929 1170 5014 impediemus
1202 4932 1372 4997 dummodo
1400 4932 1442 4997 ab
1466 4931 1667 5014 emptoribus
1690 4931 1869 4999 certificari
1889 4930 2044 5015 possimus

397 5042 437 5104 de
461 5037 616 5121 pensione
640 5037 759 5122 viginti
789 5037 944 5103 octalium
974 5037 1112 5122 siliginis
1142 5037 1336 5120 supradicta
1364 5037 1460 5104 aunis
1486 5038 1623 5123 singulis
1647 5040 1874 5121 persolvenda.
1919 5039 1960 5104 Et
1980 5056 2043 5120 ego

397 5145 569 5228 Henricus‚
602 5147 764 5227 quondam
795 5143 955 5211 scultetus
986 5145 1206 5228 supradictus,
1239 5145 1348 5229 obhgo
1375 5165 1426 5212 me
1450 5165 1603 5226 meosque
1626 5147 1764 5213 heredes
1788 5149 1831 5214 ad
1854 5145 2045 5214 solucionem

398 5254 566 5336 pensionis
590 5252 779 5335 supradicte
808 5251 903 5318 iuxta
931 5253 1137 5319 condiciones
1168 5259 1200 5318 et
1229 5255 1350 5334 modos,
1382 5258 1481 5334 prout
1510 5252 1661 5336 superius
1689 5261 1766 5320 sunt
1791 5272 1957 5336 expressa3
1990 5269 2045 5315 re-

398 5381 598 5444 cognoscens
620 5379 678 5441 per
699 5367 879 5443 presentes,
905 5359 1013 5426 omnia
1037 5366 1069 5425 et
1094 5358 1224 5443 singula
1247 5358 1476 5441 suprascripta
1490 5379 1572 5427 vera
1594 5379 1666 5426 esse
1690 5379 1750 5442 per
1773 5361 1890 5442 omnia,
1912 5366 1946 5424 ut
1965 5375 2046 5421 nar-

397 5475 525 5550 rantur,
551 5475 583 5534 et
608 5471 651 5534 ad
674 5467 941 5536 observaciouem
964 5487 1075 5534 eorum
1099 5468 1240 5534 omnium
1263 5486 1314 5533 me
1334 5465 1442 5550 obhgo
1459 5486 1517 5548 per
1533 5473 1714 5549 presentes.
1756 5468 1803 5534 Ut
1818 5474 1925 5534 autem
1938 5463 2047 5530 omnia

398 5575 558 5656 premissa
589 5573 742 5641 hincinde
773 5575 1008 5643 inviolabihter
1039 5576 1251 5642 observemus
1281 5581 1314 5640 et
1342 5593 1384 5640 ne
1412 5593 1433 5639 a
1462 5573 1557 5640 nobis
1589 5574 1776 5655 nostrisque
1807 5569 2047 5641 successoribus

399 5680 586 5762 aliqualiter
601 5680 737 5748 valeant
759 5681 927 5764 infirmari,
953 5701 1012 5748 nos
1029 5689 1200 5763 presentes
1216 5681 1347 5747 litteras
1364 5700 1463 5763 super
1478 5679 1541 5745 hiis
1557 5679 1728 5747 conlectos
1743 5681 1905 5763 utrimque
1919 5681 2047 5744 nostro-

397 5806 468 5853 rum
498 5787 679 5871 sigillorum
708 5807 775 5853 una
805 5808 876 5853 cum
901 5787 1007 5871 sigillo
1037 5786 1267 5856 universitatis
1291 5786 1401 5869 oppidi
1424 5786 1755 5855 Fraukeuvordensis
1779 5788 1921 5854 dedimus
1940 5783 2048 5850 nuni-
