4400 6384
399 342 464 405 224
1126 340 1193 392 1282
1212 338 1270 393 Juli
1290 340 1330 393 13.

398 539 484 617 quod
515 556 574 619 ego
606 535 713 600 omnia
744 537 829 601 bona
860 556 932 601 mea
962 536 993 599 in
1020 539 1246 615 (urbemque
1277 556 1296 600 a
1321 536 1501 601 venerabili
1519 534 1542 605 ll
1561 535 1688 600 domino
1714 537 1836 601 abbate
1859 536 2053 600 monasterii

399 642 656 725 meburgensis
688 642 854 722 hucusque
887 642 988 707 habui
1018 650 1051 707 et
1082 642 1212 723 possedi
1242 642 1338 707 titulo
1369 640 1501 722 feodali,
1535 641 1690 707 Heinrico
1720 642 1816 707 militi
1846 641 1986 706 sculteto
2016 642 2052 706 in

398 748 623 826 Frankinwrt‚
649 748 714 815 lilio
745 746 861 814 fratris
893 748 963 830 mei,
990 769 1114 814 necnon
1141 748 1208 813 suis
1231 748 1406 814 heredibus
1431 747 1593 813 universis
1616 748 1700 827 dedi,
1727 748 1849 813 contuli
1873 754 1905 813 et
1929 748 2053 813 donavi

398 854 504 920 animo
535 855 672 931 liberah,
698 855 731 921 in
761 875 877 920 manus
908 876 1017 920 eorum
1043 875 1128 920 nunc
1152 854 1241 919 dicta
1264 857 1351 919 bona
1375 854 1548 937 resignans
1572 862 1605 920 et
1629 854 1676 919 eis
1699 854 1897 919 renuncians
1920 853 1953 918 in
1977 874 2053 935 pre-

398 962 485 1026 senti
508 982 579 1028 cum
603 962 689 1027 omni
712 962 781 1027 inre
806 968 839 1027 et
862 963 994 1039 honore,
1021 981 1082 1042 que
1107 962 1322 1027 dinoscuntur
1345 963 1386 1026 ad
1411 961 1468 1026 illa
1490 964 1584 1027 modo
1605 961 1751 1041 quolibet
1767 961 1941 1041 pertinere,
1964 981 2051 1025 nunc

398 1075 432 1132 et
461 1066 494 1133 in
527 1076 719 1149 perpetuum
750 1068 947 1149 possidenda
975 1076 1009 1132 et
1033 1088 1053 1133 a
1078 1068 1225 1149 predicto
1250 1068 1378 1133 domino
1403 1071 1524 1133 abbate
1549 1068 1580 1133 in
1605 1066 1701 1133 leodo
1727 1068 1908 1133 retinenda.
1956 1070 2051 1151 Quod

398 1174 509 1254 utique
542 1182 656 1240 tenore
687 1174 890 1256 presencium
921 1194 1130 1257 recognosco.
1180 1175 1218 1238 ln
1250 1174 1343 1239 cuius
1368 1175 1466 1240 ctiam
1490 1174 1539 1239 rei
1562 1174 1782 1239 testimonium
1807 1184 1841 1238 et
1863 1173 2053 1238 memoriam

398 1281 571 1346 firmiorem
597 1301 731 1363 presens
757 1282 913 1362 scriptum
938 1280 1011 1347 inde
1037 1280 1220 1346 coniectum
1245 1280 1308 1346 sibi
1324 1282 1399 1346 dedi
1415 1282 1561 1347 civitatis
1577 1279 1912 1358 Frankenturdensis,
1931 1279 2054 1345 domini

398 1387 580 1453 Hermanni
604 1387 719 1453 decani
741 1386 1093 1469 Aschallinburgensis,
1119 1386 1235 1453 fratris
1259 1388 1331 1465 mei,
1357 1408 1395 1453 ac
1418 1388 1521 1469 ipsius
1541 1387 1689 1453 Heinrici
1713 1388 1846 1452 sculteti
1869 1385 2052 1469 sigillorum

398 1492 572 1559 munimine
597 1495 796 1559 roboratum.
845 1495 965 1559 ilatum
991 1502 1025 1559 et
1049 1502 1158 1560 actum
1182 1498 1269 1575 apud
1295 1493 1530 1575 Franhinvort,
1556 1514 1641 1560 anno
1666 1494 1787 1559 domini
1809 1493 1978 1558 millesimo
2003 1513 2051 1557 cc.

398 1599 532 1664 lXXX.
559 1602 710 1680 secundo,
736 1619 846 1665 mense
871 1599 960 1665 iunii.

613 1733 658 1786 Or.
676 1734 761 1802 Ppurt.
799 1732 886 1801 Siepel
905 1731 1063 1800 obpcfullea.
1106 1733 1232 1786 ttius-taut.

612 1822 711 1875 Gara:
730 1822 774 1887 Β,
792 1826 848 1874 208
864 1823 934 1874 rrcrcb
952 1822 1009 1874 deor
1032 1824 1077 1875 Or.
1099 1863 1105 1873 .

618 1910 708 1963 Vera:
729 1909 833 1977 Scriba,
853 1911 896 1975 ΙΙ,
917 1910 967 1964 No.
986 1914 1042 1963 732.

395 2125 487 2199 465.
512 2134 620 2217 Kontp
645 2134 772 2215 Rrulolf
794 2136 936 2217 testottpt
960 2135 1015 2197 ‹lcr
1039 2134 1173 2215 Kupcllc
1195 2136 1250 2197 cles
1270 2136 1415 2220 llcilr'pco
1432 2136 1696 2199 Burtlurlomocus
1718 2158 1760 2198 zu
1780 2134 1962 2215 Frvttt-lp'urt
1987 2134 2052 2195 tund

416 2232 419 2239 ¹
511 2242 581 2305 (icto
603 2242 702 2304 ‹lutrrt't
728 2242 941 2304 rcrbrordcucn·
957 2242 1167 2323 Slil'tslvrpitcl
1187 2243 1248 2306 ullc
1265 2243 1465 2327 l'ririlcpico.
1493 2244 1601 2306 rcclclrr
1616 2246 1662 2305 sic
1680 2264 1737 2305 ron
1751 2246 1857 2306 scinco
1869 2241 2050 2321 l'ort'u-lrrcrr

513 2370 556 2411 tart
578 2349 647 2411 (lent
671 2348 767 2411 liciole
792 2349 928 2412 crlrullco
953 2349 1062 2412 luthere.
1113 2349 1296 2433 Frirrlbcrp,
1322 2356 1411 2414 12s2
1432 2350 1504 2415 Jult
1528 2356 1579 2413 13.

505 2478 711 2557 {Rudoltust
733 2482 786 2545 dei
811 2481 926 2564 gracia
943 2483 1164 2547 Romanorum
1187 2501 1254 2560 rex,
1281 2502 1408 2563 semper
1424 2489 1594 2564 augustus.
1632 2480 1804 2547 universis
1821 2480 1909 2545 sacri
1923 2478 2051 2561 imperii

399 2586 539 2652 Romani
562 2586 742 2659 fidellhbus
767 2593 938 2668 presentes
961 2587 1092 2653 litteras
1115 2587 1323 2669 inspecturis,
1349 2588 1491 2671 gratiam
1515 2607 1607 2653 suam
1632 2596 1665 2653 et
1686 2606 1779 2654 omne
1795 2589 1924 2652 bonum.
1956 2585 2049 2650 Licet

398 2693 554 2759 maiestas
579 2693 671 2777 regia
695 2702 885 2759 cunctarum
914 2694 1125 2759 ecclesiarum
1151 2694 1435 2760 commoditatibus
1459 2702 1614 2760 teneatur
1636 2694 1807 2759 intendere
1831 2692 2049 2777 vigilanllter,

398 2806 508 2865 tamen
532 2801 691 2882 capellam
715 2807 861 2866 nostram
885 2800 992 2867 sancti
1010 2801 1232 2867 Bartholomei
1254 2801 1287 2867 in
1304 2802 1539 2868 Frankenvort
1555 2808 1589 2867 et
1605 2801 1779 2867 canonicos
1795 2800 1913 2865 ibidem
1931 2799 2050 2866 divinis

398 2906 561 2987 obsequiis
585 2907 763 2973 militantes
787 2906 902 2973 maiori
926 2928 985 2972 nos
1009 2910 1104 2973 decet
1127 2907 1299 2974 dilectione
1324 2908 1496 2989 complecti
1520 2916 1552 2974 et
1577 2907 1744 2989 amplioris
1765 2906 1922 2978 favorltis
1938 2925 2051 2988 prero-

396 3013 511 3097 gativa
542 3014 729 3095 specialiter
761 3012 946 3093 confovere,
980 3014 1096 3079 obinde
1125 3013 1302 3096 potissime,
1335 3018 1421 3095 quod
1452 3017 1565 3080 eadem
1596 3013 1724 3095 capella
1754 3012 1901 3080 divorum
1935 3016 2050 3093 prede·

398 3141 561 3187 cessurum
586 3127 772 3187 nostrorum
796 3120 1029 3202 imperatorum
1055 3128 1088 3186 ot
1112 3140 1225 3203 regum
1242 3123 1463 3188 Romanorum
1486 3121 1661 3186 illustrium
1678 3119 1874 3186 memoriahs
1890 3126 1942 3185 est
1959 3120 2051 3201 plan-

398 3228 478 3306 tula,
497 3247 557 3309 que
575 3228 668 3293 nobis
685 3235 718 3292 et
734 3228 854 3293 eisdem
872 3248 1000 3309 semper
1016 3228 1147 3293 adhesit
1163 3228 1303 3293 fideliter
1320 3236 1353 3294 et
1370 3235 1571 3293 constanter.
1597 3226 1757 3293 Noverint
1773 3227 1875 3310 igitur
1887 3227 2052 3307 presentis

398 3334 498 3399 etatis
514 3334 659 3400 homines
676 3342 710 3400 et
726 3332 846 3416 lutum,
861 3336 946 3415 quod
963 3354 1022 3401 nos
1038 3335 1246 3399 honorabiles
1263 3335 1351 3401 viros
1370 3388 1375 3399 .
1397 3388 1401 3397 .
1421 3334 1632 3416 prepositum,
1653 3388 1658 3398 .
1679 3388 1684 3398 .
1703 3338 1863 3399 decanum
1881 3340 2051 3414 totumque

397 3440 575 3522 capitulum
599 3441 685 3507 dicte
710 3442 833 3523 capelle
858 3448 969 3506 nostre
994 3441 1121 3506 sincero
1146 3449 1380 3523 prosequentes
1405 3441 1524 3507 allectu
1548 3448 1582 3505 et
1606 3442 1754 3508 volentes
1779 3439 1918 3505 ubilibet
1940 3460 2052 3507 eorum

396 3546 688 3628 indempnitatibus
719 3547 824 3631 regali
854 3548 1036 3628 patrocinio
1069 3546 1299 3616 favorabiliter
1328 3568 1520 3629 precavere,
1553 3548 1633 3630 ipsis
1664 3554 1698 3612 et
1729 3547 1852 3629 capelle
1883 3546 2052 3628 sepedictc

397 3652 505 3719 omnia
535 3661 569 3719 et
599 3653 729 3736 singula
761 3674 821 3719 sua
852 3652 1034 3735 privilegia,
1061 3655 1305 3735 concessiones·
1323 3655 1526 3726 donationes,
1552 3654 1689 3737 gratias,
1721 3654 1895 3719 libertates
1919 3660 1952 3719 et
1977 3654 2053 3718 iura

398 3759 542 3841 quelibet
574 3760 621 3825 eis
652 3762 693 3826 ab
717 3760 828 3825 inclite
862 3760 1101 3825 recordationis
1129 3764 1290 3841 quondam
1315 3761 1500 3839 Looewica
1526 3769 1559 3826 et
1582 3761 1714 3841 Karolo,
1739 3760 1804 3826 filio
1829 3779 1897 3841 suo,
1924 3780 2053 3845 necnon

398 3868 530 3947 Ottone
546 3866 799 3949 imperatoribus
814 3868 979 3947 Romanis,
995 3875 1027 3933 et
1045 3888 1155 3933 eorum
1172 3869 1416 3934 successoribus
1432 3868 1569 3945 indulta,
1589 3866 1714 3933 tradita
1730 3874 1764 3931 et
1780 3886 1948 3946 concessa,
1966 3866 2053 3931 sicut

399 3974 520 4039 eisdem
543 3994 644 4055 usque
670 3978 710 4039 ad
735 3976 795 4039 hec
819 3980 968 4055 tempora
992 3982 1068 4039 sunt
1091 3974 1142 4041 usi
1166 3975 1300 4055 pacifice
1324 3982 1358 4040 et
1381 3975 1497 4057 gavisi,
1521 3995 1560 4039 ex
1577 3973 1699 4057 regalis
1720 3972 1932 4039 liberalitatis
1948 3972 2055 4037 muni-

396 4080 528 4145 ficentia
552 4088 689 4146 eatenus
712 4081 771 4146 in³
793 4081 941 4147 omnibus
965 4087 999 4147 et
1022 4081 1161 4163 singulis
1185 4082 1253 4147 suis
1279 4081 1429 4147 articulis
1454 4084 1684 4163 approbamus,
1709 4080 1904 4145 innovamus
1928 4086 1963 4144 et
1979 4099 2055 4160 prc-

399 4187 501 4251 sentis
533 4186 649 4268 scripti
677 4188 859 4269 patrocinio
891 4187 1031 4253 libenter
1062 4196 1095 4253 et
1126 4188 1308 4254 liberaliter
1338 4189 1575 4264 confirmamus,
1602 4193 1765 4269 quatenus
1787 4186 1822 4251 in
1846 4185 1946 4251 alieni
1968 4184 2056 4251 iuris

399 4292 606 4374 preiuditium
637 4313 701 4359 non
733 4296 927 4360 redundant.
976 4294 1064 4359 Nulh
1088 4315 1166 4377 ergo
1190 4295 1318 4360 omnino
1343 4294 1506 4360 hominum
1529 4294 1629 4359 liceat
1652 4295 1736 4359 hanc
1760 4291 1915 4375 paginam
1938 4300 2056 4358 nostre

398 4399 656 4481 approbationis,
680 4400 902 4467 innovationis
927 4408 959 4466 et
985 4401 1240 4466 confirmationis
1264 4400 1444 4484 infringere
1468 4402 1519 4466 vel
1544 4400 1573 4465 ei
1597 4400 1630 4466 in
1650 4400 1758 4481 aliquo
1777 4419 1859 4464 ausu
1876 4400 2055 4465 temerario

399 4506 573 4587 contraire,
592 4511 676 4588 quod
698 4507 752 4587 qui
775 4504 861 4573 forte
884 4514 1083 4589 attemptare
1100 4508 1347 4590 presumpserit,
1365 4528 1500 4589 gravem
1517 4514 1629 4573 nostre
1645 4504 1868 4589 magestatisb
1895 4506 2055 4571 offensam

399 4633 433 4678 se
458 4614 587 4679 noverit
609 4614 824 4680 incursurum.
862 4615 979 4679 Testes
1003 4622 1095 4680 srrnt:
1122 4614 1320 4681 venerabilis
1336 4616 1389 4694 H.‚
1416 4614 1607 4679 Basiliensis
1631 4613 1815 4695 episcopus
1840 4612 1980 4677 illustris
1997 4614 2055 4677 Η..

397 4720 604 4803 lantgravius
621 4721 751 4795 Hassie,
777 4721 902 4785 nobiles
926 4720 1006 4801 viri;
1026 4776 1031 4787 .
1052 4776 1057 4786 .
1077 4742 1184 4786 comes
1209 4725 1248 4786 de
1262 4721 1450 4801 b'ilenmve,
1476 4722 1668 4786 Ererardus
1692 4724 1731 4786 de
1745 4720 2056 4802 t'atzenellenboge.

399 4880 405 4891 .
426 4880 431 4892 .
456 4831 496 4892 de
520 4828 626 4909 Dietz,
653 4828 805 4898 comites:
826 4882 831 4893 .
852 4882 857 4893 .
875 4832 913 4893 de
940 4829 1123 4910 lnimporch,
1152 4881 1157 4891 .
1184 4881 1190 4893 .
1215 4831 1255 4893 de
1279 4829 1481 4910 Hagenowe,
1501 4880 1506 4892 .
1527 4881 1533 4893 .
1553 4830 1592 4893 de
1605 4826 1831 4907 Valkenstein,
1848 4826 2057 4891 Wernherus

398 4936 437 4999 de
454 4933 647 5015 Bonlandia,
673 4942 706 5000 et
727 4936 935 5016 quamplures
952 4936 1008 5001 alii
1023 4938 1085 5001 fide
1103 4935 1202 5017 digni.
1240 4936 1278 4999 ln
1296 4935 1387 4999 cuius
1405 4935 1452 5000 rei
1469 4934 1690 5000 testimonium
1705 4942 1738 4999 et
1755 4933 1907 5016 perpetui
1921 4934 2059 4999 roboris

396 5041 583 5107 firmitatem
609 5060 744 5124 presens
769 5041 926 5123 scriptum
951 5042 1066 5108 exinde
1092 5042 1255 5108 conscribi
1279 5050 1310 5107 ot
1335 5042 1520 5107 maiestatis
1546 5048 1657 5108 nostre
1682 5041 1787 5125 sigillo
1812 5040 1947 5107 fecimus
1965 5061 2060 5106 com·

397 5147 524 5213 muniri.
567 5150 687 5213 Datum
704 5149 916 5225 Vriueberch„
943 5150 1044 5214 tercio
1069 5149 1143 5215 idus
1167 5149 1245 5229 iulii,
1271 5149 1447 5214 indictione
1472 5149 1606 5228 decima,
1633 5168 1717 5214 anno
1742 5148 1864 5213 domini
1882 5146 2060 5213 millesimo

398 5256 620 5321 ducentesimo
644 5256 842 5338 octogesimo
868 5258 1020 5335 sectrndo,
1047 5257 1140 5339 regni
1163 5276 1241 5321 vero
1266 5255 1370 5320 nostri
1395 5276 1480 5320 anno
1506 5275 1600 5320 nono.

612 5389 658 5443 Or.
676 5388 760 5458 Ppnrt.
799 5389 969 5459 rlulubrpcucl
994 5408 1030 5442 oo
1058 5391 1223 5457 roth-pclbcn
1243 5389 1342 5442 Fu'dea
1365 5389 1416 5441 dus
1433 5390 1513 5442 achbn
1534 5390 1669 5441 erltaltcoc
1688 5387 1924 5455 ulajesrorssbpet.
1963 5386 2009 5439 St.
2023 5390 2060 5441 A.

667 5480 715 5531 Fr.
756 5480 852 5531 Barth.
867 5478 905 5532 St.
921 5480 972 5531 No.
988 5484 1010 5531 8.

613 5568 710 5621 Gedru:
731 5568 906 5633 ll'r'bvltuvio,
927 5568 1003 5620 Dior.
1020 5568 1101 5635 hiup,
1118 5568 1159 5632 tl,
1179 5572 1239 5632 tat,
1269 5568 1313 5631 B„
1331 5571 1386 5619 eos
1403 5568 1473 5619 auch
1491 5566 1549 5617 (leot
1571 5564 1617 5619 Or.
1639 5606 1644 5617 .

619 5656 708 5709 Vera:
727 5657 968 5711 B.-1t.n'0.1os5.
1007 5657 1158 5710 Eruvtbnt:
1177 5658 1303 5721 Lersner,
1323 5652 1385 5723 ΙΙΙ),
1406 5659 1464 5709 167.

665 5804 688 5844 a)
704 5794 741 5837 Im
757 5794 872 5849 Oripe'nul
885 5796 1016 5839 rer-bessem
1029 5810 1074 5839 circs
1088 5810 1111 5839 u.
1142 5798 1165 5844 b)
1181 5798 1219 5839 So.
