4400 6384
359 306 424 371 236
922 302 987 354 (664
1007 300 1065 355 Juu
1083 302 1118 353 aa
1138 331 1171 339 -
1192 300 1259 354 166(
1275 289 1390 369 'unguo
1409 300 1449 353 13.

473 506 570 566 einer·
594 502 751 565 1161111111
777 500 991 581 Froobsurbu·
1019 500 1557 583 [1111911111116616616116616
1583 499 1658 561 iiber·
1680 500 1746 560 ciue
1769 495 2009 579 pperuciucrbufi·

472 610 550 674 iicluc
573 608 796 673 Scbculruruuul
821 608 885 671 11111
912 606 1494 690 1111111(1119(661116661111111111119.
1543 609 1628 669 12111
1652 604 1724 669 ‘lule'
1746 608 1800 666 al.

465 751 532 816 Nos
549 750 711 815 Volradus
742 748 912 828 scultetus
939 800 945 812 .
973 800 978 812 .
1005 747 1140 829 scabini,
1173 748 1322 813 consules
1352 746 1517 827 ceterique
1549 745 1637 812 cives
1667 744 2008 824 Fraukiuuordenses,

358 862 470 921 notum
501 875 573 922 esse
603 855 751 922 volumus
781 854 943 921 universis
974 862 1143 935 presentes
1161 853 1327 926 timueras
1357 852 1563 935 inspecturis,
1595 854 1680 933 quod
1710 849 1798 917 inter
1820 849 2009 916 Heinricum

359 982 550 1029 conversum
582 970 615 1027 et
644 960 768 1027 tratres
799 981 874 1027 suos
906 964 945 1027 (16
970 961 1158 1026 Seckebacb
1190 980 1229 1025 ex
1260 968 1355 1041 parte
1385 979 1461 1041 uua,
1493 967 1527 1025 et
1554 960 1776 1025 Hermannum
1808 956 2008 1037 sarlitorem,

359 1069 461 1135 civem
486 1068 839 1147 Frankinvordensem,
865 1086 905 1133 ex
936 1072 1030 1149 parte
1062 1067 1169 1132 altera
1196 1066 1273 1132 talis
1298 1066 1478 1132 amicabilis
1502 1065 1686 1147 conposicio
1710 1064 1899 1145 intervenit,
1925 1068 2007 1145 quod

357 1176 442 1241 idem
466 1176 674 1241 Hermannus
705 1194 803 1256 super
822 1174 845 1245 u
865 1194 975 1240 aream
1002 1173 1125 1256 prelati
1148 1174 1304 1254 Heinrici,
1330 1193 1393 1255 que
1416 1176 1458 1238 ad
1481 1172 1688 1239 latitudinem
1711 1172 1810 1237 trium
1833 1175 1951 1253 pedum
1975 1192 2009 1237 se

358 1282 522 1363 extendit,
555 1282 743 1365 contiguam
773 1280 881 1347 domui
911 1281 997 1345 dicte
1028 1284 1069 1346 ad
1099 1281 1244 1361 Stellam,
1276 1280 1435 1361 parietem
1466 1280 1631 1345 edificabit
1661 1287 1695 1345 et
1725 1280 1887 1345 cannale⁸
1911 1286 2009 1361 ponet

359 1408 457 1470 super
486 1389 576 1454 illum
606 1388 674 1453 suis
705 1387 846 1471 propriis
876 1387 1044 1453 laboribus
1075 1394 1109 1453 et
1139 1387 1300 1468 expensis.
1347 1388 1438 1452 Idem
1466 1406 1592 1468 quoque
1616 1383 1818 1452 Heinricusb
1840 1386 1874 1450 in
1899 1388 2009 1451 eodem

358 1495 485 1577 pariete
509 1495 661 1561 edificare
685 1494 807 1577 poterit
831 1513 891 1561 sua
915 1493 1050 1574 edificia,
1077 1494 1106 1558 si
1128 1492 1158 1558 ei
1176 1492 1345 1575 placuerit,
1372 1494 1458 1559 omni
1473 1492 1694 1575 inpedimento
1710 1492 1814 1575 ipsius
1830 1492 2011 1557 Hermanni

359 1601 489 1683 penitus
520 1602 660 1667 excluso.
714 1602 872 1667 Preterea
902 1600 929 1666 si
960 1600 1122 1683 contingit
1152 1599 1240 1665 aliud
1270 1599 1348 1681 poni
1377 1599 1524 1676 cannale,
1555 1601 1617 1665 boc
1648 1606 1788 1680 ponetur
1817 1602 1858 1664 de
1888 1597 2011 1679 prefati

358 1708 506 1775 Heinrici
536 1715 569 1774 et
592 1708 773 1774 Hermanni
804 1707 1025 1773 commonibus
1055 1706 1222 1772 laboribus
1250 1714 1282 1771 et
1307 1705 1468 1788 expensis.
1515 1706 1689 1771 Adiectum
1713 1713 1764 1771 est
1787 1705 1900 1785 eciam,
1925 1707 2010 1785 quod

359 1814 388 1879 si
417 1814 523 1881 dictus
555 1814 663 1898 paries
693 1815 769 1898 igne
794 1834 850 1880 seu
875 1813 939 1881 alio
964 1833 1042 1879 casu
1066 1832 1256 1894 quocunque
1281 1815 1516 1892 destrueretur,
1542 1815 1626 1893 quod
1652 1812 1749 1891 absit,
1775 1810 1908 1893 prelata
1931 1831 2011 1877 area

358 1924 401 1985 ad
425 1921 607 2002 predictum
629 1921 820 1987 Heinricum
848 1928 906 1986 aut
930 1940 1006 1985 suos
1030 1921 1168 1985 heredes
1193 1918 1262 1985 sire
1286 1920 1462 1985 coheredes
1485 1920 1674 1985 revolvetur
1696 1918 1799 1984 libere
1823 1918 1953 2000 penitus
1977 1924 2011 1983 et

358 2028 517 2094 absolute.
566 2029 682 2093 Testes
705 2027 816 2093 buius:
849 2027 1018 2093 Jobannes
1042 2026 1219 2105 Goltsteio,
1244 2027 1415 2091 Cunradus
1432 2025 1632 2106 WobelinuS,
1650 2025 1824 2091 Volmarus
1854 2025 2012 2091 (160116-

357 2135 452 2215 bacb,
484 2134 679 2200 Ludewicus
709 2132 880 2215 Panniiex,
898 2133 1099 2199 Wernherus
1130 2134 1168 2198 de
1186 2133 1386 2214 Wanebacb,
1419 2132 1516 2214 Giplo
1547 2136 1588 2199 (16
1610 2132 1809 2213 Holzbuseu,
1834 2131 2012 2198 Heinricus

359 2243 398 2306 de
414 2240 604 2323 Meilsheim,
629 2240 837 2305 Hermannus
854 2238 1011 2318 Bicbeliu,
1036 2239 1202 2305 Arnoldus
1225 2242 1265 2304 (16
1282 2239 1464 2322 Glauburg,
1489 2240 1607 2305 Petrus
1631 2242 1670 2304 de
1686 2239 1891 2320 Eschebacb,
1911 2238 2012 2303 Hert-

358 2346 463 2413 winus
493 2348 532 2413 (16
556 2348 636 2413 Alta
666 2350 769 2428 domo,
795 2344 930 2427 scabini,
955 2351 989 2411 et
1019 2345 1076 2411 alii
1105 2346 1194 2411 cives
1217 2344 1550 2411 Frankinvordenses
1572 2344 1737 2429 fidedigni.
1782 2346 1824 2410 In
1848 2344 1940 2410 cuius
1964 2343 2013 2409 rei

359 2452 579 2519 testimonium
609 2453 749 2536 sigillum
779 2460 927 2519 nostrum
957 2455 999 2518 ad
1031 2450 1226 2534 peticionem
1256 2451 1476 2532 predictorum
1499 2452 1647 2518 Heinrici
1676 2459 1711 2517 et
1733 2450 1915 2517 Hermanni
1938 2468 2014 2530 pre-

359 2559 507 2625 sentibus
530 2559 651 2625 litteris
678 2558 827 2625 duximus
851 2563 1087 2641 apponendum.
1136 2560 1256 2624 Actum
1286 2564 1319 2623 et
1350 2560 1461 2623 datum
1492 2579 1578 2624 anno
1605 2557 1727 2624 domini
1748 2558 1789 2622 m.
1811 2551 1854 2623 o‘c.
1875 2556 2012 2622 lxxx.

358 2670 487 2745 quarto,
512 2665 545 2731 iu
569 2664 683 2749 vigilia
705 2665 795 2731 beati
818 2664 937 2731 Jacobi
961 2664 1111 2747 apostoli.

574 2807 619 2862 Or.
634 2807 721 2877 Ppmt
759 2807 846 2876 Siepel
865 2806 1025 2877 obpelbllen.
1065 2807 1141 2860 Licb.

572 2896 671 2949 Gedrs
689 2897 732 2963 B,
750 2900 804 2949 215
822 2897 892 2949 66611
910 2896 969 2949 doru
990 2894 1036 2949 Or.
1058 2938 1063 2947 .

358 3278 450 3356 494.
476 3290 636 3354 Hurtuuul
671 3312 730 3354 1611
757 3290 935 3367 Witlstodi,
968 3289 1097 3372 Biirper
1131 3312 1173 3353 au-
1205 3289 1401 3371 Froulrfurt,
1437 3292 1594 3355 cerraorbt
1627 3290 1695 3353 (1661
1730 3289 1877 3372 1161119611
1910 3289 2016 3354 66161·

474 3397 622 3478 Hospitol
651 3420 691 3461 au
717 3396 749 3459 F
750 3396 849 3478 roolf
850 3402 900 3460 111
929 3400 1083 3479 penaunce
1109 3396 1235 3477 desub
1263 3399 1295 3459 iu
1322 3398 1475 3475 otroben,
1500 3397 1705 3460 Nierlerursel
1726 3396 1793 3460 ((611
1817 3396 1850 3459 F
1850 3398 2015 3478 rualfur‘t.

475 3509 560 3567 1284
584 3504 712 3587 Arausa
737 3508 788 3567 13.

463 3645 536 3728 Ego
560 3645 763 3709 Hartmudus
794 3644 900 3709 dictus
926 3646 965 3709 de
981 3645 1182 3710 Wullenstat
1213 3644 1294 3711 civis
1317 3643 1657 3720 Frankeuvordensis,
1683 3650 1795 3708 notum
1819 3663 1892 3708 esse
1917 3644 2014 3724 cupio

357 3750 519 3817 universis
554 3750 761 3832 presentibus
797 3757 831 3815 61
866 3750 996 3831 1116116,
1033 3754 1117 3831 quod
1151 3770 1210 3834 ogo
1242 3752 1282 3816 ob
1313 3750 1377 3816 mei
1406 3758 1440 3817 61
1462 3750 1654 3833 Hadewigis
1684 3750 1796 3815 uxoris
1827 3768 1898 3815 mee
1928 3752 2014 3817 bone

357 3857 551 3929 memoriali
570 3858 750 3923 animarum
774 3857 949 3923 remedium
974 3866 1007 3923 61
1032 3857 1170 3923 salutem
1194 3860 1236 3922 ad
1260 3857 1422 3939 hospitale
1442 3857 1549 3923 sancti
1569 3856 1711 3939 Spiritus
1726 3856 1760 3921 in
1777 3858 2015 3923 Fraukenrort

357 3964 433 4031 dedi
461 3971 496 4030 et
522 3964 631 4047 legavi
653 3965 741 4029 bona
763 3984 836 4029 mea
859 3960 1084 4045 infrascripta,
1110 3964 1263 4030 videlicet
1286 3963 1320 4029 in
1343 3966 1497 4030 Acarben
1521 3971 1646 4045 septem
1670 3962 1792 4029 octalia
1814 3964 1956 4047 siliginis
1979 3974 2014 4030 et

357 4077 482 4151 septem
517 4069 668 4140 ociitalia
703 4069 815 4151 tritici,
851 4090 914 4151 que
949 4090 1048 4152 super
1081 4090 1179 4135 unum
1215 4090 1373 4151 mansum,
1410 4070 1465 4151 qui
1499 4066 1563 4135 fuit
1599 4073 1760 4151 quondam
1790 4070 1940 4137 Heinrici
1972 4075 2015 4137 de

357 4176 585 4241 1116661661ο
608 4176 805 4257 6661661611.
853 4178 1001 4243 Heredes
1024 4196 1103 4243 vero
1128 4176 1272 4242 eiusdem
1295 4176 1443 4242 Heinrici
1466 4176 1500 4241 iu
1523 4179 1635 4242 eodem
1659 4195 1773 4241 manso
1797 4178 1923 4242 babent
1947 4181 2014 4243 dno

357 4282 478 4348 octalia
502 4282 639 4365 siliginis
664 4289 697 4347 61
721 4285 783 4348 duo
798 4284 821 4354 b
837 4282 958 4349 octalia
982 4283 1093 4365 tritici,
1120 4303 1182 4364 que
1206 4283 1366 4364 equaliter
1390 4290 1423 4347 et
1447 4282 1737 4364 proportionaliter
1760 4281 1845 4347 sicut
1864 4283 1923 4348 illa
1940 4304 2016 4366 pre-

357 4389 446 4454 dicta
476 4397 601 4470 septem
632 4389 754 4455 octalia
784 4389 922 4472 siliginis
946 4396 980 4455 et
1003 4396 1129 4471 septem
1153 4390 1276 4455 octalia
1299 4389 1402 4454 tritici
1425 4390 1602 4472 grandines
1626 4396 1660 4454 et
1682 4390 1857 4464 exercitus
1884 4390 1913 4455 si
1937 4410 2016 4455 eon-

356 4495 501 4577 tigeriut,
534 4496 752 4561 sustinebunt.
799 4496 883 4561 Item
913 4496 946 4561 in
977 4495 1133 4561 lnieriori
1156 4495 1276 4561 llrsela
1305 4499 1345 4561 (16
1375 4515 1439 4561 uno
1470 4515 1583 4561 manso
1613 4503 1647 4561 et
1677 4494 1808 4560 dimidio
1839 4503 1875 4561 et
1905 4498 2016 4563 tribus

355 4600 522 4684 iugeribus
546 4602 664 4684 viginti
688 4601 809 4667 octalia
832 4601 979 4684 siliginis
1019 4604 1104 4668 Item
1127 4602 1256 4683 ibidem,
1282 4602 1407 4667 scilicet
1430 4602 1463 4667 iu
1481 4602 1609 4682 llrsela,
1635 4604 1674 4666 dc
1699 4606 1839 4682 quadam
1864 4623 1947 4668 area
1970 4608 2015 4669 ad

356 4708 446 4774 dicta
473 4709 561 4773 bona
584 4707 740 4773 attinenti
763 4726 821 4773 sex
845 4707 965 4774 solidos
989 4709 1108 4775 levium
1133 4707 1349 4774 denariorum.
1396 4711 1479 4775 ltem
1503 4728 1600 4774 unam
1624 4728 1767 4774 marcam
1792 4709 2014 4788 denariorum,

357 4813 647 4897 quamWigandus
672 4813 776 4895 pistor·
800 4814 908 4879 dictus
924 4816 1115 4881 llarendere
1140 4816 1245 4881 solvet
1269 4818 1309 4880 de
1333 4816 1473 4897 quadam
1497 4816 1590 4882 domo
1615 4815 1681 4880 sito
1704 4814 1737 4879 in
1753 4816 2015 4901 deerargazen

357 4920 451 4987 aunis
483 4920 619 5003 singulis
650 4920 683 4985 iu
714 4920 818 4986 sacris
850 4922 963 4987 diebus
994 4930 1210 5003 pentecostes.
1259 4923 1309 4987 De
1339 4922 1401 4987 biis
1425 4921 1570 4988 denariis
1593 4922 1766 4988 Hunoldus
1789 4924 2014 5006 quadraginta

356 5027 509 5093 denarios
533 5027 669 5110 singulis
694 5027 789 5093 annis
809 5027 968 5108 percipiet
985 5034 1018 5093 et
1030 5029 1198 5094 ll'alterus
1217 5028 1324 5093 dictus
1342 5029 1450 5112 Sigelo
1467 5048 1623 5110 caponem
1638 5047 1746 5093 unum.
1787 5030 1871 5093 ltem
1889 5038 2014 5111 statuo,

354 5137 441 5215 quod
470 5133 698 5216 prenominata
728 5134 814 5199 bona
844 5153 1008 5214 nunquam
1038 5138 1226 5201 vendantur
1256 5155 1314 5201 seu
1345 5136 1575 5217 alienantur(!)
1607 5136 1649 5199 ab
1680 5134 1837 5215 hospitali
1869 5134 2014 5215 prefato.

354 5242 438 5305 Item
460 5238 579 5304 infirmi
602 5238 775 5318 hospitalis
799 5238 938 5320 predicti
962 5240 1098 5324 singulis
1124 5242 1226 5307 sextis
1250 5239 1342 5307 feriis
1359 5243 1527 5307 habebunt
1543 5260 1601 5305 sex
1617 5240 1770 5305 denarios
1786 5260 1846 5322 pro
1865 5240 2016 5322 piscibus

354 5350 395 5411 ad
420 5366 551 5412 suorum
576 5364 747 5425 corporum
771 5344 992 5411 relectionem.
1033 5348 1117 5413 ltem
1141 5356 1263 5426 statuo,
1288 5351 1373 5429 quod
1397 5348 1425 5413 si
1447 5347 1611 5430 legittima
1627 5354 1660 5411 61
1676 5345 1811 5414 evidens
1828 5349 2017 5414 necessitas

354 5452 450 5517 michi
472 5451 643 5536 ingruerit,
669 5457 867 5532 potestatem
892 5452 1030 5519 babeam
1054 5454 1216 5520 vendendi
1232 5462 1265 5519 et
1282 5454 1446 5520 alienandi
1463 5454 1571 5519 omnia
1587 5456 1674 5519 bona
1690 5453 1840 5535 predicta
1856 5474 1916 5536 pro
1933 5456 2018 5523 meis

353 5558 616 5639 necessitatibus
641 5566 740 5640 prout
763 5558 875 5625 videro
900 5560 1062 5641 expedire.
1110 5562 1194 5626 ltem
1218 5561 1331 5627 ordino
1356 5568 1389 5627 et
1413 5567 1534 5643 statuo,
1560 5563 1645 5641 quod
1669 5559 1738 5625 6116
1762 5560 1823 5625 sim
1840 5580 1943 5626 sanus
1960 5563 2017 5628 161

619 5750 708 5798 61861
734 5750 759 5799 b>
774 5750 953 5801 1,11616161111161
967 5752 1113 5803 perciacum.
1141 5750 1951 5806 11166666166116111611,ηόρὶἰοὴσκσὴ,1111661661νωὶεᾶ
