4400 6384
353 294 417 359 194
933 288 1002 343 1278
1021 289 1087 346 Juni
1106 291 1142 343 24
1160 319 1194 329 -
1215 288 1283 344 1278
1302 287 1361 345 Juli
1381 289 1423 343 10.

350 479 442 557 402.
466 488 684 570 Londfrc'cderr
713 510 766 553 cnr
789 487 902 565 ercin,
928 491 971 551 im
994 486 1113 553 Eleass
1142 488 1209 551 und
1238 488 1295 551 der
1316 487 1481 553 Weceraa.
1534 486 1705 569 flegmate,
1731 491 1818 551 1278
1841 486 1927 551 Junc'
1951 491 2009 549 21.

457 648 497 713 In
520 646 648 713 nomine
671 645 801 727 domini,
827 664 930 711 amen.
979 644 1175 711 Ludewious
1198 644 1250 710 dei
1273 645 1388 728 gracia
1407 664 1514 712 comes
1531 644 1697 729 palatinus
1718 644 1812 726 Reni,
1837 648 1903 711 dux
1919 646 2011 711 Bau·

352 754 470 835 warie;
495 753 652 819 Albertus
676 755 715 818 de
732 752 937 832 Hohenberc,
965 751 1179 817 Eberhardus
1196 754 1235 817 de
1252 752 1555 837 Kazzenelnbogen,
1573 752 1762 818 Fridericus
1778 754 1819 817 de
1836 751 2008 834 Liningin,

353 859 506 941 comites;
537 858 817 943 Moguntinenses
847 858 1117 942 Argentinenses,
1148 858 1357 939 Basilienses
1374 858 1643 939 Womnatienses
1673 858 1854 942 spirenses,
1880 859 2010 924 Colum-

350 966 531 1047 barienses
549 965 836 1041 Slezestadienses,
855 965 1147 1049 Hagenaugenses,
1159 966 1465 1049 wizenburgenses
1483 966 1768 1048 Openheimenses,
1782 964 2009 1048 pinguienses,

353 1072 577 1155 Wisalienses
609 1072 860 1153 Bobardienses
892 1070 1243 1152 Frankenlordienses,
1273 1073 1557 1153 Geilenhusenses,
1589 1072 1881 1155 Frideburgenses,
1899 1072 2010 1135 Wets

350 1180 521 1262 lorgenses
557 1178 654 1245 cives.
709 1180 761 1244 Ad
798 1178 952 1244 noticiam
986 1178 1214 1245 universorum
1248 1178 1370 1245 litteris
1405 1178 1613 1260 presentibus
1644 1179 1794 1245 volumus
1823 1177 2008 1261 pervenire,

352 1288 438 1367 quod
461 1304 520 1351 nos
544 1289 754 1351 attendentes
778 1292 811 1351 et
835 1284 1082 1351 considerantes
1106 1286 1364 1352 inconstanciam
1382 1305 1489 1352 rerum
1504 1287 1719 1351 humanarum
1735 1287 1822 1367 apud
1839 1284 2009 1349 civitatem

353 1391 627 1475 Haugenaugiam
658 1392 877 1458 convenimus.
925 1390 1048 1458 Ibidem
1082 1399 1216 1474 propter
1246 1393 1401 1458 honorem
1432 1392 1485 1458 dei
1508 1398 1541 1457 et
1564 1390 1706 1475 gloriose
1730 1390 1868 1474 virginis
1891 1390 2011 1456 matris

353 1517 410 1564 sue
441 1518 567 1564 necnon
599 1500 639 1564 ob
671 1498 895 1565 reverenciam
925 1497 1013 1563 sacri
1042 1498 1171 1581 imperii
1194 1519 1306 1581 pacem
1331 1506 1481 1565 sanctam
1505 1506 1539 1563 et
1561 1498 1749 1581 generalem
1773 1497 1865 1563 clara
1887 1497 1952 1563 lide
1976 1503 2012 1561 et

353 1604 497 1671 unanimi
527 1624 688 1671 consensu
720 1604 998 1687 compromisimus
1024 1625 1045 1670 a
1068 1602 1155 1671 festo
1187 1607 1418 1687 penthecostes
1449 1625 1535 1671 nunc
1565 1604 1725 1686 preterito
1750 1624 1809 1685 per
1831 1602 2009 1680 biennium

354 1717 471 1777 contra
494 1711 656 1793 quoslibet
679 1710 858 1777 violatores
882 1718 997 1776 sancte
1021 1711 1113 1793 pacis
1137 1731 1176 1777 ac
1201 1711 1274 1777 dolo
1298 1731 1355 1777 sue
1378 1711 1503 1777 malitie
1526 1710 1631 1793 ipsam
1654 1710 1858 1776 insectantes
1878 1730 2012 1776 conser-

353 1836 433 1885 vare
457 1824 491 1883 et
514 1820 698 1901 gubernare
723 1816 847 1883 viribus
871 1823 904 1882 et
928 1836 1024 1899 posse
1047 1818 1254 1899 inquantum
1272 1818 1434 1899 valemus;
1460 1820 1637 1901 procedere
1653 1817 1757 1884 eciam
1771 1837 1871 1883 manu
1888 1816 2011 1896 valida,

354 1923 447 1990 nobis
471 1922 605 1991 favente
629 1923 742 1990 divina
765 1922 951 2004 clemencia,
977 1929 1094 1989 contra
1118 1944 1238 2006 omnes,
1264 1924 1319 2005 qui
1343 1924 1489 1991 thelonia
1511 1924 1704 1990 inconsueta
1720 1932 1755 1989 et
1769 1924 1895 1990 iniusta
1911 1943 2012 2005 super

354 2030 483 2096 alveum
508 2030 593 2096 Reni
622 2029 769 2112 recipere
799 2029 923 2095 volunt.
971 2030 1043 2095 Hoc
1074 2030 1213 2112 adiecto,
1239 2034 1323 2112 quod
1355 2051 1465 2096 omnes
1489 2031 1558 2097 sive
1583 2030 1727 2113 religiosi
1751 2031 1820 2097 sive
1844 2029 2013 2096 seculares

352 2137 387 2203 in
418 2138 510 2203 Reno
544 2138 780 2203 descendentes
813 2142 845 2201 et
879 2139 1095 2203 ascendentes
1127 2139 1167 2202 de
1197 2139 1296 2203 rebus
1326 2136 1404 2209 suis.
1436 2140 1612 2203 secundum
1643 2140 1728 2218 qnod
1758 2135 1948 2203 taxavimus
1978 2144 2013 2201 et

355 2244 530 2309 statuimus
562 2242 722 2309 communi
745 2242 889 2323 consilio,
915 2246 1002 2325 apud
1026 2243 1231 2327 Magantiam
1255 2252 1289 2309 et
1312 2243 1510 2310 Bobardiam
1534 2262 1692 2309 summam
1716 2241 2013 2326 proportionaliter

355 2370 412 2415 sue
435 2350 572 2432 pecunie
595 2348 629 2415 in
654 2348 832 2415 subsidium
856 2356 890 2414 et
913 2349 946 2415 in
971 2347 1193 2415 defensionem
1217 2350 1308 2432 pacis
1331 2349 1575 2430 ministrabunt,
1599 2358 1698 2415 uteo
1723 2348 1956 2432 potencialiter
1979 2356 2012 2414 et

354 2456 536 2523 liberaliter
565 2456 655 2536 ipsos
685 2455 720 2521 in
743 2474 880 2537 corpore
904 2463 938 2520 et
961 2458 1060 2521 rebus
1084 2475 1124 2522 ac
1148 2476 1262 2538 pacem
1286 2456 1467 2538 predictam
1491 2454 1665 2523 defensare
1687 2457 1865 2522 valeamus.
1914 2455 2012 2521 Cives

354 2582 432 2630 vero
464 2562 602 2627 rebelles
633 2569 666 2627 et
696 2561 922 2629 inobedientes
953 2562 1015 2627 hiis
1047 2561 1183 2627 statutis
1214 2570 1248 2628 et
1278 2562 1509 2643 conpromissis
1532 2582 1554 2629 a
1577 2568 1695 2629 sancta
1726 2582 1807 2645 pace
1837 2570 1872 2627 et
1894 2568 2014 2628 nostra

356 2666 546 2735 defensione
570 2668 700 2751 penitus
725 2668 857 2735 eicimus
882 2677 915 2735 et
939 2669 1149 2749 excludimus,
1174 2672 1317 2751 dampna
1339 2670 1368 2736 si
1391 2689 1458 2751 qua
1478 2669 1652 2735 incurrunt
1675 2676 1709 2735 et
1731 2668 1813 2750 ipsis
1836 2667 2012 2750 provenire

355 2774 430 2840 inde
461 2782 625 2857 poterunt,
651 2795 709 2858 per
742 2795 801 2841 nos
826 2796 885 2842 nec
910 2784 1022 2841 nostro
1047 2775 1211 2842 adiutorio
1236 2776 1499 2842 vindicabuntur.
1547 2776 1587 2841 In
1610 2776 1831 2842 testimoninm
1855 2783 1889 2841 et
1912 2778 2014 2842 robor

356 2881 497 2947 omnium
520 2881 750 2965 premissorum
775 2882 983 2964 presentibus
1007 2890 1123 2949 nostra
1146 2882 1255 2965 sigilla
1279 2890 1356 2949 sunt
1380 2902 1536 2965 appensa.
1577 2883 1697 2949 Actum
1720 2889 1755 2949 et
1771 2886 1884 2948 datum
1900 2882 2013 2965 Hage-

357 2987 485 3071 naugie
511 3007 596 3054 anno
621 2988 741 3055 domini
765 2990 808 3053 Μ.
833 2991 892 3055 GC.
916 2989 1030 3055 LXX.
1054 2996 1182 3069 octavo,
1208 2990 1260 3055 die
1283 2990 1374 3056 beati
1397 2990 1560 3057 Johannis
1584 2990 1740 3072 baptiste.

570 3148 669 3201 Gedr:
688 3148 882 3219 Strassburger
898 3148 978 3203 Urhb.
993 3148 1036 3213 Π,
1056 3152 1090 3201 el
1114 3149 1184 3202 nach
1207 3150 1266 3202 dem
1289 3150 1352 3202 dort
1372 3149 1547 3216 bcfindlr‘cben
1569 3147 1624 3213 Or,
1643 3148 1752 3203 danccb
1769 3148 1829 3201 hier
1846 3148 2014 3202 roiederholt.

623 3237 679 3289 Dic
692 3238 795 3291 utram
806 3237 917 3291 Druchc
934 3238 998 3290 airrd
1016 3237 1077 3290 corr
1091 3238 1251 3307 anpcycbeo,
1271 3238 1424 3291 ornandam
1438 3237 1604 3306 nmcrdhrqa
1616 3236 1733 3303 Raima,
1748 3236 1773 3304 1,
1786 3241 1846 3291 400.
1879 3238 2013 3305 momen

623 3325 664 3378 bei
676 3324 772 3389 Sacer,
786 3325 811 3390 I,
825 3330 885 3391 561,
914 3325 995 3393 Boos,
1016 3326 1040 3393 l,
1058 3329 1120 3379 248.
1159 3326 1217 3379 Der
1236 3326 1332 3380 Druck
1350 3326 1417 3390 ab,
1439 3330 1489 3379 185
1508 3326 1603 3379 hembt
1621 3325 1678 3390 auf
1688 3324 1826 3392 Wencher,
1845 3325 2016 3394 Apparatus

622 3414 741 3480 Archia,
761 3419 820 3467 lati.

355 3849 447 3926 403.
471 3858 668 3939 Erebisehof
688 3860 816 3923 bservav-
846 3881 905 3923 νον
934 3860 1049 3924 Maior
1080 3861 1235 3924 r'r'bcrhlssl
1264 3862 1332 3925 deor
1361 3861 1395 3925 F
1394 3862 1580 3942 rvrrrhf'rrrfm·
1603 3861 1835 3925 Schultheisaen
1858 3860 2014 3923 Heinrich

471 3967 530 4029 dcc
555 3966 618 4030 ἄιννι
640 3967 858 4050 ychiihrcrtderr
880 3966 1016 4031 Zehnten
1039 3989 1098 4031 ‘cvm
1121 3968 1191 4031 (lem
1207 3969 1315 4032 Waldc
1334 3968 1497 4050 insopor,
1521 3968 1582 4031 ἄννν
1603 3968 1660 4031 ἄεν
1676 3968 1796 4030 vererere
1813 3988 1880 4031 rom
1898 3966 2016 4029 Rcirhe

472 4094 513 4134 ro
538 4070 641 4135 Lehch
671 4074 777 4145 crhielt,
808 4074 873 4136 und
904 4094 969 4137 νννννν
1002 4074 1100 4138 robor
1129 4075 1271 4157 perorarht
1300 4075 1363 4144 lud.
1394 4076 1453 4155 γ’ἄν
1479 4074 1702 4137 directricem
1726 4078 1767 4137 m
1790 4073 1894 4137 Johre
1916 4095 2015 4157 peperi

472 4182 538 4241 <arte
562 4180 729 4242 destillante
746 4179 905 4259 jc'iltrliehe
928 4180 1069 4265 Adpohe.
1117 4181 1364 4262 Selcorfrmslchr,
1390 4186 1477 4244 127s
1500 4180 1572 4245 ἄνᾶν
1596 4184 1648 4242 10.

464 4338 664 4403 Wernherus
695 4337 747 4403 dei
776 4338 890 4421 gracia
919 4346 1032 4405 sancte
1058 4339 1251 4422 hlaguntine
1280 4338 1366 4404 sedis
1390 4338 1666 4421 archiepiscopus,
1692 4338 1779 4404 sacri
1802 4338 1932 4419 imperii
1955 4358 2016 4420 per

358 4442 567 4511 Germaniam
585 4444 903 4511 archicancellarius.
922 4446 1081 4511 Noverint
1091 4444 1101 4517 l
1108 4446 1117 4515 l
1126 4445 1281 4526 universi,
1300 4448 1385 4526 quod
1401 4466 1461 4511 nos
1477 4446 1596 4511 dilecto
1613 4445 1701 4511 fideli
1717 4452 1831 4511 nostro
1844 4445 2014 4522 Heinrica

358 4549 497 4615 sculteto
511 4546 825 4629 Frankenfordensi,
841 4554 882 4616 ad
899 4571 958 4617 nos
975 4552 1194 4634 pertinentem
1210 4552 1377 4633 decimam,
1389 4553 1413 4623 ll
1423 4552 1669 4633 provenientem
1685 4556 1725 4617 de
1742 4550 1843 4617 fundo
1860 4551 2014 4631 nemoris,

358 4658 443 4736 qnod
466 4663 605 4721 vocatur
628 4656 795 4739 Bomgart‚
822 4656 885 4723 sito
909 4657 942 4723 in
967 4658 1060 4740 silva,
1086 4678 1148 4739 que
1172 4666 1381 4741 nuncupatur
1398 4658 1540 4738 Drieich,
1560 4659 1586 4729 ll
1603 4662 1692 4740 apud
1716 4666 1845 4740 pratum
1871 4656 2016 4725 fratrum

358 4765 471 4828 domus
495 4762 696 4827 Teuthonicc
728 4762 766 4828 de
799 4766 1017 4845 Sasenhusen,
1050 4784 1144 4845 quem
1175 4764 1303 4846 qrvidem
1334 4763 1469 4830 fundum
1501 4764 1603 4829 eidem
1635 4764 1776 4830 sculteto
1807 4772 1840 4829 et
1856 4765 2015 4843 l'olrado,

358 4868 560 4935 subsctdteto
585 4868 898 4951 Frankenfordensi,
925 4892 945 4937 a
969 4871 1097 4937 domino
1122 4880 1235 4937 nostro
1253 4872 1473 4937 Romanorum
1497 4892 1574 4955 rege
1599 4892 1790 4937 concessum
1811 4871 1846 4937 in
1870 4869 2014 4937 feudum.

357 4973 453 5041 iidem
478 4975 637 5041 scultetus
662 4983 695 5042 et
719 4977 942 5044 subscultetus
965 4981 1164 5061 redegerunt
1185 4977 1314 5044 noviter
1330 4984 1364 5042 et
1381 4977 1531 5059 redigent
1547 4977 1580 5042 in
1597 4977 1769 5059 culturam,
1795 4978 2016 5043 concessimus

358 5101 417 5163 pro
449 5088 541 5147 certa
572 5099 682 5148 annua
714 5084 867 5165 pensione
900 5089 940 5152 ad
966 5105 1051 5150 nunc
1074 5085 1204 5151 instans
1229 5084 1418 5150 decennium
1443 5083 1663 5149 obtinendam.
1712 5085 1839 5150 Dantes
1864 5085 2014 5166 predicto

358 5189 399 5254 H.
415 5188 554 5255 sculteto
580 5197 751 5270 presentes
776 5197 908 5257 nostras
932 5192 1061 5258 litteras
1078 5192 1111 5257 in
1129 5192 1350 5258 testimonium
1366 5210 1465 5272 super
1481 5210 1529 5256 eo.
1563 5191 1686 5257 Datum
1703 5194 1790 5274 apud
1807 5192 2016 5273 Scharphen-

359 5296 453 5377 stein,
472 5297 527 5361 VI.
549 5295 623 5362 idus
647 5295 725 5379 iulii,
751 5317 836 5363 anno
861 5297 981 5365 domini
1005 5299 1173 5365 millesimo
1198 5321 1245 5365 cc.
1268 5298 1452 5364 lXXVIlI.

573 5458 618 5511 Or.
633 5457 720 5526 Ppmt.
759 5458 820 5511 Dos
838 5458 1014 5528 abhanpervde
1034 5458 1122 5528 Sicpcl
1139 5460 1175 5514 iat
1195 5459 1356 5527 becchddr'pt.
1394 5458 1432 5512 St.
1447 5459 1481 5511 A.
1496 5457 1546 5511 Fr.
1561 5458 1660 5511 Barth.
1674 5457 1713 5513 st.
1728 5458 1781 5511 No.
1794 5462 1872 5511 4056.

572 5544 671 5599 Gedr:
689 5546 867 5611 Wdrdtwein,
890 5546 967 5601 Sabe.
981 5548 1068 5616 Dipt,
1083 5548 1127 5615 II,
1146 5550 1208 5615 425,
1237 5549 1279 5612 B„
1301 5552 1352 5600 186
1370 5548 1441 5601 νινᾶν
1459 5548 1518 5599 dero
1539 5546 1585 5601 Or.
1607 5588 1612 5598 .

579 5634 670 5687 Vera:
688 5634 794 5703 Semta,
821 5636 845 5703 I,
870 5635 922 5690 No.
944 5640 1004 5702 575,
1036 5637 1111 5705 Will,
1139 5638 1244 5691 Maius.
1265 5638 1341 5706 ἄνφ,
1362 5636 1511 5704 XXXVI,
1537 5636 1665 5704 Nalm,
1685 5636 1768 5692 a-R.
1788 5635 1915 5691 Nossa
1955 5635 2015 5705 Vpl.

624 5723 758 5789 Battonn,
777 5724 803 5792 I,
821 5726 881 5777 242.
