4400 6384
744 348 884 403 test-56
904 379 936 389 -
957 350 1025 404 1257
1044 350 1167 405 Februar
1185 353 1228 405 22.
1749 357 1810 422 101

262 547 330 612 Nos
353 544 511 629 magister
535 546 720 614 Ernvridus
751 548 944 615 scolasticus
975 549 1083 615 sancti
1106 548 1251 615 Victoris
1274 551 1462 633 Mogontiaci
1491 558 1525 617 et
1548 552 1741 618 Emmercho
1773 556 1813 619 de

153 653 378 720 Bomersheim
403 653 581 720 canonicus
598 654 821 737 Mogmntbms.
843 654 866 729 11
884 656 1043 723 Omnibus
1067 676 1204 738 presens
1228 657 1385 740 scriptum
1409 658 1531 726 visuris
1554 658 1587 726 in
1608 668 1811 741 perpetuum.

152 762 256 828 Cum.
272 813 278 825 .
292 764 437 827 decanus
453 767 488 827 et
502 760 682 843 capitulum
698 762 834 828 ecclesie
851 762 1175 830 Frankenlordensis
1192 783 1292 846 super
1308 765 1434 832 decima
1450 766 1616 832 novalium
1634 765 1659 840 11
1676 766 1813 833 sitorum

150 865 244 934 inira
267 874 377 934 certos
400 867 557 933 terminos
582 867 658 935 ville
682 869 914 951 Buckenheim,
941 889 1038 951 quam
1062 870 1126 936 sibi
1149 870 1303 938 dicebant
1326 872 1469 940 attinere
1492 874 1621 940 nomine
1639 876 1813 941 Franken-

151 972 319 1041 fordensis
349 974 496 1056 ecclesie,
528 994 600 1041 cum
624 982 712 1043 esset
743 975 778 1042 in
808 976 955 1043 terminis
987 976 1140 1059 eiusdem,
1166 976 1189 1050 11
1213 979 1376 1045 dominum
1398 980 1584 1046 Winterum
1615 980 1750 1047 militem
1779 989 1813 1047 et

152 1080 367 1148 Eberwinum
383 1088 559 1165 cognatum
575 1101 668 1149 suum
685 1082 791 1149 dictos
808 1086 847 1149 de
860 1084 1134 1169 Bruningesbeim
1147 1085 1347 1152 auctoritate
1363 1086 1547 1168 apostolica
1562 1107 1673 1155 coram
1688 1092 1812 1155 decano

153 1195 188 1255 et
212 1188 386 1255 scolastico
410 1187 799 1275 Aschalenburgensibus
828 1191 1009 1257 traxissent
1037 1191 1070 1257 in
1095 1212 1239 1275 eausam,
1265 1191 1454 1277 capitulum,
1478 1196 1530 1260 W.
1555 1201 1588 1260 et
1611 1195 1651 1260 E.
1677 1202 1813 1277 propter

151 1296 274 1361 bonum
297 1294 389 1377 pacis
413 1302 447 1360 et
471 1296 644 1362 concordie
667 1298 816 1364 volentes
840 1318 977 1380 parcere
992 1298 1161 1364 laboribus
1178 1305 1211 1364 et
1228 1300 1380 1381 expensis
1403 1300 1438 1367 in
1454 1321 1513 1367 nos
1536 1302 1599 1366 fide
1615 1301 1814 1384 interposita

153 1402 456 1484 compromiserunt.
503 1403 571 1468 Nos
594 1403 707 1485 itaque
731 1404 934 1486 questionem
950 1404 1134 1471 huiusmodi
1150 1406 1327 1473 decidimus
1352 1407 1386 1473 in
1402 1408 1488 1473 hune
1511 1410 1650 1490 modum,
1674 1417 1712 1473 ut
1722 1408 1812 1474 idem

152 1509 335 1592 capitulum
361 1528 420 1591 pro
443 1509 619 1577 vexatione
648 1510 846 1594 redimenda,
877 1520 911 1579 et
934 1518 971 1578 ut
994 1512 1136 1595 predicti
1160 1512 1211 1580 W.
1237 1520 1271 1579 et
1293 1514 1333 1579 Ε.
1358 1513 1553 1581 renunciant
1576 1514 1664 1581 omni
1685 1514 1759 1597 iuri,
1785 1513 1814 1581 si

152 1619 240 1697 quod
267 1616 349 1699 ipsis
378 1624 563 1698 competere
594 1615 772 1686 videbatur
799 1619 833 1685 in
862 1619 988 1685 decima
1012 1621 1136 1699 eadem,
1166 1623 1251 1702 quod
1276 1627 1309 1686 et
1337 1619 1498 1703 iecerunt,
1528 1624 1585 1687 det
1612 1620 1813 1704 supradictis

152 1730 228 1790 octo
241 1743 371 1791 marcas
380 1722 618 1791 Coloniensium
631 1724 849 1792 denariorum.
868 1729 958 1811 Quas
970 1725 1168 1792 remiserunt
1180 1726 1324 1809 capitulo
1338 1748 1397 1810 pro
1411 1735 1553 1810 quatuor
1565 1728 1811 1811 anniversariis

152 1832 333 1896 seeundum
361 1832 447 1912 quod
475 1830 684 1899 decreverint
712 1852 752 1899 ea
781 1832 943 1915 ordinare,
978 1833 1093 1899 itaut
1121 1853 1181 1915 pro
1210 1853 1335 1901 summa
1369 1840 1442 1901 octo
1471 1854 1656 1901 marcarum
1683 1834 1813 1901 fructus

151 1936 299 2003 eiusdem
315 1936 447 2021 decime,
473 1937 528 2019 qui
544 1937 673 2004 collecti
687 1937 820 2021 luerint,
844 1942 886 2005 ad
903 1938 1033 2023 singula
1049 1939 1279 2007 anniversaria
1294 1941 1502 2023 presentibus
1519 1942 1813 2025 proporeionaliter

151 2043 354 2111 dividantur.
402 2044 555 2111 Ecclesia
581 2066 661 2113 vero
689 2044 1023 2128 Frankeniordensis,
1055 2066 1127 2112 cum
1159 2046 1233 2129 ipsa
1262 2048 1387 2114 decima
1410 2046 1499 2115 inira
1523 2048 1679 2115 terminos
1704 2056 1813 2115 certos

150 2150 257 2233 ipsius
282 2150 326 2218 sit
349 2151 424 2225 sita.
455 2171 527 2219 eam
555 2152 724 2235 possideat
752 2151 887 2235 pacifice
916 2160 950 2219 et
975 2153 1093 2235 quiete.
1141 2153 1182 2220 In
1208 2153 1305 2220 huius
1329 2154 1378 2221 rei
1401 2154 1602 2223 evideneiam
1626 2162 1812 2238 presentem

150 2257 301 2325 litteram
330 2258 477 2365 dedimus
508 2266 696 2327 nostrorum
719 2258 900 2344 sigillorum
923 2259 1098 2327 munimine
1122 2263 1322 2328 roboratam.
1371 2263 1494 2328 Datum
1517 2261 1700 2346 Moguncie,
1726 2282 1812 2329 anno

151 2364 276 2431 domini
294 2366 336 2431 rb.
354 2360 396 2432 o'c.
412 2365 511 2449 nvi,
536 2366 571 2432 in
593 2365 708 2450 vigilia
731 2367 823 2434 beati
845 2368 966 2434 Jacobi
989 2367 1140 2451 apostoli.

370 2507 670 2579 0111111111
688 2509 885 2579 abbaapcoden
905 2510 1094 2581 bescbdde'qlen
1113 2509 1227 2580 Siepeln.

371 2596 633 2653 11111111
652 2596 855 2653 51111541.

372 2686 539 2741 (1111111111
557 2686 616 2740 dean
638 2685 702 2740 Oc:
720 2687 765 2756 B,
785 2690 845 2753 100,
865 2686 982 2755 Reiruer,
1002 2688 1028 2756 1,
1046 2692 1108 2743 231.
1151 2688 1375 2759 19111111,
1393 2688 1419 2758 I,
1437 2693 1498 2745 238.

150 2936 245 3013 210.
275 2945 541 3031 Vorlaamilunpen
564 2947 618 3011 des
641 2946 853 3012 Rbeiuisclaec
875 2949 1103 3014 Stlidieburules
1129 2955 1358 3014 1254-1256.

368 3098 464 3151 Besier
489 3098 601 3151 Druck:
626 3099 703 3153 Mon.
724 3098 814 3153 Germ.
857 3099 894 3152 4⁰.
943 3098 1065 3168 (1111111,
1091 3100 1134 3168 ll,
1161 3103 1310 3155 579-589.
1356 3102 1400 3169 B.‚
1427 3105 1569 3155 roo-114
1592 3101 1664 3155 uach
1687 3099 1811 3167 Lcibuit,

421 3186 569 3256 Muniisaa,
589 3186 632 3255 H,
653 3188 722 3255 9311.
740 3188 799 3241 und
818 3188 966 3259 Freyberp,
987 3186 1146 3258 Sammluop
1164 3189 1339 3244 desecatur
1356 3188 1502 3255 Schriften,
1522 3190 1548 3258 1,
1567 3192 1679 3258 513ff..

151 3436 246 3513 211.
273 3445 431 3526 Gerbard,
456 3446 617 3513 Komibor
643 3447 994 3529 111111111111111111,1
1024 3450 1224 3530 bertrico-odet,
1253 3451 1331 3516 dass
1359 3450 1415 3515 der
1438 3451 1533 3515 Stred
1559 3451 1715 3515 cwiseben
1741 3452 1812 3520 (1111

268 3551 623 3619 Decetia-desumus
645 3576 688 3619 11
703 3555 965 3621 Scalasecbccsec
987 3556 1053 3621 1111
1076 3557 1146 3621 deta
1161 3556 1293 3622 Kloster
1308 3558 1482 3641 Arusburp
1505 3558 1652 3639 indetreff
1663 3564 1812 3643 paroisse·

270 3660 318 3725 bei
342 3660 512 3745 Glocburp
536 3662 696 3745 pclcpener
715 3662 933 3747 Besitrocpen
954 3664 1074 3747 91111111
1097 3665 1320 3748 1119191111
1342 3668 1393 3729 ist.
1430 3669 1521 3729 1257
1540 3663 1690 3730 Febrem
1711 3674 1765 3733 22.

260 3803 453 3870 Gerbardus
478 3805 721 3870 commendator
744 3805 784 3869 de
803 3804 1016 3871 Sasenbusea.
1057 3804 1230 3872 Universis
1246 3805 1371 3873 Christi
1389 3807 1538 3874 fidelibus
1554 3828 1691 3890 presens
1708 3810 1811 3893 scrip-

150 3916 222 3976 tum
245 3908 452 3992 inspecturis,
478 3910 617 3975 salutem
640 3908 675 3975 in
698 3909 839 3976 omnium
853 3909 877 3985 11
893 3911 1068 3978 salvatore.
1118 3913 1396 3997 Recognoscimus
1420 3921 1454 3980 et
1474 3915 1678 3997 presencium
1696 3923 1810 3983 tenore

150 4022 386 4099 protestamur,
412 4019 498 4099 quod
521 4016 740 4084 mediantibus
764 4016 845 4083 viris
869 4017 1025 4084 discretis-
1046 4025 1079 4085 et
1101 4018 1288 4102 hollnestis,
1312 4020 1466 4088 videlicet
1489 4022 1617 4089 domino
1638 4022 1810 4091 Gerhardo

150 4122 312 4207 Duringo,
336 4123 491 4190 wickero
522 4126 562 4189 de
593 4124 782 4206 orombach,
813 4123 968 4192 Heinrico
999 4125 1085 4192 Allio
1117 4132 1151 4192 et
1178 4128 1330 4194 Conrado
1361 4128 1401 4194 de
1416 4127 1634 4212 umenllstat,
1667 4130 1811 4197 scabinis

148 4231 184 4297 in
201 4230 445 4313 Frankenford,
470 4229 519 4306 lis,
546 4250 608 4312 que
631 4231 825 4298 vertebatur
845 4230 935 4298 inter
958 4235 1085 4300 domum
1110 4240 1256 4301 nostram
1272 4237 1312 4301 de
1328 4237 1550 4303 Sassenhusen
1566 4245 1600 4304 et
1615 4245 1811 4306 conventum

150 4340 192 4403 de
209 4336 398 4421 Arnisburg
420 4355 519 4420 super
541 4336 636 4403 bonis
659 4340 742 4404 bone
766 4338 918 4405 memorie
936 4340 1119 4408 Godeboldi
1134 4348 1168 4407 et
1183 4340 1402 4425 Hildebergis
1423 4343 1536 4410 uxoris
1552 4343 1705 4427 eiusdem,
1724 4345 1811 4427 apud

149 4444 323 4527 Glouberg
353 4442 436 4525 sitis,
461 4443 495 4509 in
517 4445 605 4510 hunc
628 4446 756 4511 modum
780 4448 819 4511 de
844 4466 1004 4513 consensu
1029 4447 1173 4529 partium
1197 4455 1248 4514 est
1271 4447 1390 4531 sopita,
1416 4454 1501 4531 quod
1525 4450 1675 4532 predicta
1697 4451 1812 4517 Hilde-

148 4554 257 4635 burge
279 4550 413 4618 vivente
436 4554 550 4618 domus
574 4558 689 4619 nostra
711 4552 746 4617 in
768 4552 912 4635 ipsorum
936 4555 1094 4621 bonorum
1119 4555 1163 4621 sit
1181 4554 1392 4637 perceptione
1409 4563 1548 4639 tantum,
1566 4563 1599 4624 et
1615 4565 1691 4640 post
1706 4558 1810 4640 ipsius

149 4656 277 4725 obitum
299 4656 374 4739 ipsa
396 4659 483 4724 bona
505 4657 539 4723 in
563 4658 767 4741 proprietate
775 4659 810 4744 (l)
835 4667 869 4726 ct
891 4680 971 4726 usus
994 4666 1172 4743 perpetuos
1196 4662 1337 4747 1111111)
1359 4663 1551 4729 monasterii
1574 4664 1750 4747 prenotati,
1775 4672 1810 4731 et

150 4768 331 4831 secundum
354 4762 492 4831 formam
517 4765 692 4847 aliquando
716 4767 928 4835 observatam
949 4766 983 4833 in
1006 4767 1111 4851 ipsius
1128 4768 1342 4852 proprietatis
1358 4770 1617 4853 recognieioncm
1633 4791 1692 4853 pro
1709 4791 1808 4838 censu

149 4875 235 4938 duas
264 4871 367 4939 libras
398 4891 472 4939 cere
501 4872 536 4939 in
565 4873 672 4940 media
702 4874 955 4959 quadragesima
982 4875 1069 4942 dicto
1094 4875 1271 4943 conventui
1294 4876 1389 4943 annis
1413 4876 1551 4960 singulis
1574 4878 1807 4960 persolvemus

148 4978 224 5045 Hoc
256 4977 395 5061 adiecto,
421 4982 506 5061 quod
530 4998 692 5062 expensas
716 5000 815 5063 super
839 4982 1089 5049 conservatione
1113 4984 1271 5049 bonorum
1295 4987 1470 5050 eorundem
1494 4988 1582 5066 apud
1605 4985 1752 5053 dominos
1775 4995 1810 5053 et

149 5084 413 5169 consanguineos
426 5086 609 5154 Godeboldi
624 5094 658 5153 et
669 5089 723 5170 Η.,
736 5088 848 5154 uxoris
865 5108 933 5170 sue,
950 5086 1070 5171 iactas,
1085 5109 1167 5171 quas
1183 5090 1500 5157 denominaverimus
1516 5091 1603 5158 dicto
1621 5094 1806 5175 conventui,

149 5189 306 5258 refundet
329 5194 453 5275 absque
477 5192 588 5275 aliqua
611 5194 879 5261 contradictione.
928 5196 980 5261 Ad
1003 5199 1235 5264 removendum
1251 5197 1347 5263 etiam
1364 5198 1467 5264 omnis
1483 5198 1604 5265 erroris
1621 5200 1808 5281 sernpulnm

148 5299 225 5381 ipsa
248 5300 335 5365 bona
358 5299 598 5383 specificamus:
625 5300 691 5367 tria
709 5300 826 5385 iugera
849 5302 923 5385 agri
937 5302 1063 5384 pariter
1078 5303 1190 5370 iacent
1204 5303 1238 5369 in
1254 5303 1547 5388 Linthemerwege,
1572 5303 1650 5372 item
1666 5306 1808 5388 quinque

148 5405 268 5489 iugera
278 5404 372 5471 iuxta
382 5407 597 5489 Clusenbach,
610 5426 671 5488 que
688 5408 837 5489 separari
852 5411 973 5475 debent
989 5412 1029 5476 de
1045 5410 1239 5491 quibusdam
1250 5410 1323 5477 aliis
1337 5412 1406 5476 ΧΙΙ
1417 5411 1584 5494 iugeribus
1600 5412 1745 5478 eiusdem
1754 5415 1806 5497 d,

147 5512 229 5578 item
245 5511 299 5577 ΙΠ
321 5511 438 5597 iugera
461 5512 687 5600 ademhanell)
704 5512 881 5598 Glouberg,
906 5514 985 5581 item
1000 5514 1161 5582 iurnalem
1175 5516 1211 5582 bi
1225 5518 1505 5600 Robacbervclde,
1528 5518 1609 5584 item
1624 5518 1677 5583 HI
1692 5518 1809 5603 iugera

206 5715 215 5746 ¹
235 5714 426 5771 Noebam31.
436 5716 550 5771 Janccr
563 5720 634 5772 1257
646 5718 744 5773 borum
756 5719 952 5773 derKomtbur
1007 5720 1152 5774 mendator
1166 5722 1197 5775 11
1207 5720 1412 5791 Fraudeuoort)
1424 5738 1480 5777 vor.
1518 5721 1564 5777 Or.
1577 5723 1666 5793 Ppmt.
1682 5722 1808 5779 Vidimus

148 5803 273 5859 Kourad
287 5802 386 5873 (irater
409 5804 551 5859 Corradus
577 5806 672 5861 domus
694 5805 862 5861 Theutenice
882 5822 952 5861 conr·
1006 5808 1055 5875 sit-r
1076 5810 1229 5880 Arnabury,
1250 5810 1326 5864 Iu‘cb.
