4400 6384
937 326 1005 379 1270
1024 326 1088 381 lici.
1777 329 1840 393 147

179 514 274 590 296.
299 524 420 589 'll'iclrer
444 524 507 605 (arcs
527 524 583 587 cler
606 523 743 601 Brr'iclre,
774 526 860 589 Solen
883 526 937 589 des
963 526 1115 607 llnrpcoa
1144 548 1204 589 coo
1230 525 1410 606 (merodach,
1442 526 1524 607 trifft
1553 524 1844 609 pertranseunda

300 636 353 694 rud
377 634 479 695 cellar
502 629 596 695 Fron
622 630 733 695 (r'r'sclu
756 634 970 698 ‘oerscbicdcae
993 634 1180 717 tentandae
1199 633 1439 717 Vcrfiigpuayen.
1488 638 1574 696 1270
1597 633 1681 698 Mae.

289 843 447 910 Omnibus
472 843 589 924 quibus
613 864 709 911 nosse
726 843 827 912 luerit
843 852 1049 928 oportunum.
1097 846 1271 912 Wickerus
1294 865 1393 927 super
1410 853 1550 927 pontem,
1576 844 1658 912 civis
1675 844 1841 913 Frankiu-

182 951 367 1032 vordensis‚
392 950 478 1016 filius
502 951 670 1033 Harperui
693 955 732 1017 de
757 953 946 1033 Ovenbacb,
972 953 1127 1019 noticiam
1152 952 1420 1032 subscriptorum.
1467 952 1516 1017 Ne
1539 959 1840 1036 rerumgestarum

179 1059 322 1124 materia
346 1077 501 1139 processu
525 1058 682 1139 temporis
700 1058 724 1130 ll
743 1065 922 1126 evanescat
946 1068 980 1125 et
1004 1067 1129 1142 pereat,
1155 1067 1287 1125 cautum
1311 1066 1372 1139 est,
1398 1078 1455 1124 eas
1479 1067 1536 1124 aut
1560 1058 1636 1126 vivo
1654 1059 1839 1125 testimonio

181 1166 376 1231 confirmare
399 1171 457 1229 aut
489 1164 610 1231 litteris
642 1166 856 1247 perheunare.
904 1166 1065 1233 Noverint
1094 1166 1197 1250 igitur
1228 1174 1296 1231 tarn
1326 1185 1462 1248 presens
1493 1173 1566 1231 etas
1600 1185 1696 1247 quam
1726 1164 1840 1232 lutura

180 1271 375 1354 posteritas,
411 1273 496 1351 quod
530 1290 590 1355 ego
625 1272 865 1339 communicata
897 1293 994 1340 manu
1029 1273 1141 1339 urens
1173 1293 1243 1339 mee
1274 1271 1403 1340 Gissele
1438 1274 1479 1338 ob
1512 1270 1698 1343 honollrem
1721 1272 1774 1339 dei
1805 1278 1840 1338 et

180 1379 323 1462 gloriose
348 1377 518 1460 genitricis
543 1378 613 1445 eius
637 1398 676 1445 ac
700 1400 760 1461 pro
784 1380 925 1447 remedio
951 1380 1132 1447 animarum
1157 1388 1354 1462 nostrarum,
1387 1398 1512 1444 necnon
1537 1386 1571 1445 et
1594 1378 1840 1462 progenitorum

180 1492 378 1563 nostrorum,
403 1486 443 1549 de
467 1484 561 1549 bouis
586 1484 680 1551 nobis
704 1489 809 1551 adeo
834 1486 972 1567 collatis
998 1490 1037 1553 de
1062 1494 1261 1553 testamento
1278 1493 1391 1552 nostro
1409 1489 1448 1551 de
1465 1485 1681 1553 discretorum
1705 1484 1839 1551 consilio

180 1592 259 1658 duxi
283 1590 397 1656 taliter
421 1591 653 1657 ordinandum:
673 1592 698 1664 ll
716 1592 892 1659 Fratribus
916 1597 956 1659 de
979 1594 1091 1659 ordine
1108 1594 1356 1659 Predicatorum
1379 1596 1493 1659 domus
1509 1592 1840 1660 Fraukeuvordensis

179 1698 348 1764 dimidiam
380 1716 525 1764 marcam
557 1699 743 1765 reddituum
777 1700 913 1783 siugulis
938 1701 1033 1767 annis
1068 1707 1145 1783 post
1167 1708 1305 1767 mortem
1328 1718 1441 1782 meam,
1476 1720 1538 1781 que
1567 1703 1662 1766 cedet
1685 1703 1725 1766 de
1748 1700 1841 1766 curia

179 1804 353 1871 Michaelis
379 1803 468 1869 iudei
491 1804 578 1869 iuter
601 1804 715 1871 iudeos
738 1805 773 1871 in
796 1804 882 1872 festo
906 1807 997 1873 beati
1019 1806 1165 1873 Martini.
1217 1806 1390 1874 Sororibus
1413 1810 1453 1872 de
1482 1806 1595 1873 ordine
1617 1806 1840 1872 Penitencium

179 1912 301 1977 ibidem
314 1876 385 1977 nii
401 1910 524 1976 octalia
540 1910 679 1993 siliginis
702 1910 839 1995 singulis
856 1913 952 1978 annis
975 1916 1015 1978 de
1039 1912 1135 1979 bonis
1157 1912 1191 1977 in
1208 1913 1386 1978 Ovenbach
1404 1912 1486 1979 sitis.
1511 1913 1597 1979 Item
1620 1916 1662 1979 ad
1676 1912 1840 1995 hospitale

179 2018 301 2084 ibidem
326 2018 380 2083 III
404 2016 524 2083 soldlos
554 2023 587 2082 et
611 2018 658 2082 VI
683 2021 834 2084 denarios
864 2019 954 2087 leves
985 2020 1160 2101 redituum,
1193 2022 1232 2084 de
1266 2018 1384 2100 quibus
1415 2020 1611 2085 Ludewicus
1640 2039 1776 2086 manens
1805 2020 1840 2086 in

181 2125 286 2206 curia,
318 2144 380 2206 que
404 2124 525 2190 dicitur
549 2124 817 2207 Eckenheimere,
850 2126 949 2193 solvit
973 2126 1008 2190 II
1039 2127 1168 2207 solutos,
1201 2126 1369 2192 Walterus
1400 2124 1542 2192 calcilex
1571 2126 1666 2193 iuxta
1689 2134 1837 2192 sanctum

181 2230 362 2299 Antonium
390 2231 509 2296 XVIII
532 2233 693 2297 deno-rios.
741 2232 792 2297 Ad
817 2240 948 2314 pontem
971 2232 1090 2298 ibidem
1109 2232 1127 2298 I
1151 2232 1290 2298 solrdtoa
1312 2232 1395 2299 levis
1418 2239 1548 2299 monete
1572 2231 1709 2316 singulis
1733 2232 1837 2299 anuis.

179 2340 265 2405 Item
290 2336 486 2419 subscriptis
510 2337 669 2419 ecclesiis,
694 2337 848 2405 videlicet
878 2338 1050 2421 parrochie
1074 2339 1415 2413 Fraukeuvordensis,
1448 2339 1556 2405 sancti
1580 2338 1724 2422 Georgii,
1749 2339 1840 2405 beati

180 2444 336 2528 Nycolai,
369 2446 475 2527 Rode,
509 2444 703 2524 Ovenbacb,
736 2445 895 2527 Bibereh‚
928 2446 1081 2531 Bergele,
1115 2446 1248 2512 cuilibet
1279 2466 1390 2512 earum
1415 2447 1462 2510 VI
1492 2446 1644 2512 denarios
1675 2445 1765 2513 leves
1795 2449 1838 2511 ad

179 2552 357 2617 luminaria
380 2551 518 2636 singulis
551 2550 647 2618 annis
679 2552 862 2635 solvendae,
896 2553 951 2634 qui
981 2552 1107 2619 reditus
1137 2560 1206 2619 tam
1229 2552 1339 2635 pontis
1363 2572 1459 2635 quam
1483 2552 1696 2619 ecclesiarum
1719 2554 1840 2619 debent

180 2658 322 2741 pecunia
352 2679 417 2740 qua
444 2666 625 2740 potueruut
648 2659 841 2741 comparari.
889 2661 1030 2742 Insuper
1060 2657 1221 2725 iratribus
1251 2659 1433 2726 Minoribus
1463 2659 1840 2727 Fraukeuvordensibus

179 2786 295 2832 marca
329 2764 463 2831 dabitur
498 2772 574 2848 post
608 2772 744 2831 mortem
783 2786 887 2832 meam
922 2766 979 2832 ille
1013 2766 1094 2832 vice.
1142 2765 1318 2832 Fratribus
1353 2768 1392 2832 de
1423 2773 1533 2832 monte
1558 2765 1699 2832 Carmeli
1720 2765 1840 2832 ibidem

179 2892 307 2939 marca.
355 2871 531 2938 Fratribus
554 2872 854 2956 Augustinensibus
878 2873 1062 2955 Frideberg
1084 2892 1206 2939 marca.
1255 2874 1339 2938 item
1354 2872 1614 2939 Autouiensibus
1636 2872 1671 2938 in
1694 2870 1841 2939 Rosdorf

180 2978 317 3045 dimidia
346 2998 468 3044 marca.
522 2979 574 3060 Ad
605 2985 755 3044 sanctum
786 2980 948 3045 Albanum
979 2980 1190 3063 blaguntiel
1221 3000 1342 3045 marca.
1396 2980 1555 3045 Preterea
1586 2998 1643 3060 pro
1675 2978 1839 3046 solucione

180 3086 328 3169 pecunie,
355 3106 416 3168 que
439 3085 473 3151 in
497 3092 671 3152 contractu
695 3085 893 3152 matrimonii
908 3086 995 3152 inter
1011 3106 1061 3153 me
1077 3093 1112 3151 et
1135 3083 1300 3168 prefatam
1323 3089 1375 3167 G,
1393 3106 1527 3153 uxorem
1545 3105 1660 3167 meam,
1679 3085 1840 3167 promissa

181 3190 294 3259 luerat
318 3191 545 3274 persolvenda,
578 3193 748 3259 duodecim
771 3212 901 3259 marcas
919 3246 925 3258 .
946 3246 951 3258 .
970 3193 1226 3259 commendatori
1257 3199 1291 3259 et
1314 3192 1475 3259 fratribus
1501 3195 1614 3259 domus
1638 3192 1839 3258 Theutouice

178 3299 214 3365 in
245 3299 465 3365 Sassinhusen
498 3306 574 3382 post
602 3299 724 3366 obitum
759 3318 862 3366 meum
896 3300 1000 3366 statui
1032 3302 1273 3383 presentandas
1306 3303 1348 3367 ad
1381 3300 1561 3366 subsidium
1594 3307 1682 3365 terre
1712 3306 1837 3364 sancte.

179 3407 266 3472 Item
290 3426 373 3473 nove
397 3406 522 3489 capelle
545 3406 665 3473 ibidem
689 3390 823 3473 calicem
846 3410 886 3473 de
911 3406 1183 3473 commendatoris
1201 3415 1234 3473 et
1250 3407 1391 3473 fratrum
1415 3406 1549 3472 consilio
1574 3408 1837 3487 comparandum.

179 3514 266 3579 Item
290 3512 431 3595 pixidem
455 3520 647 3597 argenteam
670 3516 710 3579 de
733 3514 846 3581 valore
869 3513 966 3580 unius
982 3534 1091 3580 marce
1116 3517 1158 3580 ad
1174 3514 1331 3581 viaticum
1346 3516 1585 3596 deportandum
1600 3512 1729 3579 ibidem.
1754 3513 1840 3578 Item

180 3620 335 3685 Cunrado
359 3621 399 3685 de
423 3619 634 3685 Diezenbach
656 3620 672 3685 I
696 3640 849 3687 marcam.
875 3620 1030 3687 Heinrico
1055 3621 1218 3687 avunculo
1247 3639 1317 3686 meo
1342 3628 1376 3686 et
1398 3620 1511 3686 libens
1535 3619 1603 3685 suis
1629 3619 1696 3685 XX
1720 3620 1839 3685 soledos

178 3727 274 3793 leues.
321 3725 529 3810 Irmengardi
558 3726 674 3792 relicte
703 3726 921 3793 Hildebrandi
951 3734 984 3793 et
1016 3726 1128 3793 liberis
1162 3727 1229 3793 suis
1255 3728 1324 3792 XX
1353 3727 1473 3793 solidos
1496 3728 1595 3793 leves.
1642 3725 1840 3809 Khuegundi

178 3832 246 3899 fflie
270 3832 393 3899 sororis
415 3852 485 3899 mee
510 3840 543 3899 et
565 3832 678 3899 liberis
702 3833 770 3899 suis
797 3834 864 3899 XX
888 3834 1006 3901 solidos
1030 3833 1122 3899 leros.
1154 3833 1337 3917 Flysabetb
1362 3836 1402 3899 de
1426 3834 1603 3900 Ovenbacb
1627 3833 1692 3898 filie
1717 3832 1838 3898 sororis

178 3960 251 4006 mee
283 3946 317 4005 et
346 3938 459 4007 liberis
490 3940 558 4007 suis
590 3940 754 4007 dimidiam
784 3960 937 4007 marcam.
992 3942 1133 4022 Insuper
1163 3940 1365 4023 sepulturam
1389 3944 1478 4023 apud
1501 3940 1673 4006 ecclesiam
1696 3936 1839 4005 fratrum

178 4046 429 4113 Predicatorum
453 4047 821 4113 Fraukeuvordensium
852 4046 936 4131 elegi
964 4053 998 4113 et
1022 4068 1042 4113 a
1065 4047 1174 4130 priore
1205 4049 1319 4114 domus
1349 4046 1502 4130 eiusdem,
1534 4054 1571 4112 ut
1602 4048 1643 4112 ad
1674 4045 1766 4112 illam
1788 4065 1838 4112 me

178 4152 354 4235 reciperet,
380 4152 573 4235 suppliciter
589 4154 761 4235 postulans
776 4152 968 4236 impetrari;
994 4155 1079 4219 uude
1104 4160 1137 4218 et
1153 4153 1261 4219 omnia
1278 4174 1370 4219 arma
1384 4153 1463 4219 mihi
1479 4153 1661 4219 attinentia
1676 4156 1718 4219 ad
1733 4153 1839 4219 locum

180 4260 353 4342 sepulture
380 4278 450 4325 mee
480 4260 514 4326 in
545 4266 743 4328 testamento
774 4260 892 4344 legavi.
940 4261 1039 4326 Petro
1071 4268 1105 4325 et
1128 4260 1296 4343 Herburgi
1325 4260 1438 4326 liberis
1469 4259 1591 4326 sororis
1621 4279 1691 4325 mee
1720 4258 1838 4325 XVIII

181 4368 305 4433 solidos
329 4366 545 4432 Colonienecs.
593 4368 671 4433 Post
696 4374 830 4434 mortem
856 4387 934 4434 vero
958 4387 1062 4433 meam
1081 4420 1086 4432 .
1107 4420 1113 4432 .
1132 4369 1384 4449 commendator,
1410 4367 1465 4449 qui
1488 4386 1547 4449 pro
1564 4373 1711 4449 tempore
1726 4364 1837 4448 fuerit,

177 4480 213 4540 et
244 4471 370 4539 fratres
401 4476 514 4540 domus
538 4473 739 4541 Theutonice
769 4482 947 4541 memorate
978 4474 1203 4555 supradictam
1227 4476 1266 4541 G.
1291 4494 1426 4540 uxorem
1455 4494 1560 4539 meam
1590 4474 1624 4539 in
1648 4493 1741 4539 suam
1764 4492 1839 4555 pro-

178 4578 398 4660 curacionem,
424 4578 452 4645 si
474 4578 549 4661 ipsa
572 4580 802 4663 supervixerit,
834 4580 1004 4663 recipient,
1037 4580 1123 4646 sicut
1154 4582 1195 4646 ab
1227 4580 1348 4647 eisdem
1378 4600 1445 4647 una
1475 4600 1547 4647 cum
1577 4580 1651 4661 ipsa
1673 4578 1839 4646 humiliter

178 4686 358 4771 postulavi,
384 4688 479 4753 etde
512 4689 639 4753 duabus
669 4688 768 4755 curiis
795 4687 876 4753 meis
900 4693 933 4753 et
956 4686 1105 4754 domibus
1129 4686 1250 4753 eisdem
1274 4686 1374 4753 curiis
1398 4687 1617 4754 attinentibus
1639 4686 1734 4753 iuxta
1757 4706 1837 4769 pon-

177 4802 247 4861 tem
278 4812 313 4859 se
336 4791 460 4859 iratres
485 4793 632 4875 predicte
662 4797 775 4861 domus
798 4794 999 4861 Teuthonice
1023 4793 1245 4861 intromittent
1269 4795 1328 4859 sub
1354 4795 1415 4861 hac
1439 4793 1555 4876 forma,
1580 4797 1665 4876 quod
1690 4794 1837 4877 predicte

177 4900 270 4967 curie
293 4899 430 4966 infirmis
453 4898 487 4965 in
510 4899 667 4982 hospitali
691 4920 749 4967 suo
774 4904 916 4968 debeant
948 4908 1108 4983 perpetuo
1142 4901 1318 4983 deservire,
1352 4922 1479 4967 necnon
1512 4901 1620 4967 omnia
1652 4901 1738 4966 bona
1770 4907 1837 4966 tarn

177 5007 314 5074 mobilia
337 5025 433 5088 quam
457 5006 643 5089 immobilia,
668 5028 730 5090 que
755 5028 840 5074 nunc
863 5010 969 5074 habeo
994 5015 1027 5074 et
1049 5007 1082 5073 iu
1108 5016 1276 5090 posterum
1301 5008 1479 5075 adiuvante
1503 5012 1563 5073 deo
1588 5007 1744 5089 conquiro
1768 5007 1837 5075 sive

178 5116 327 5181 habuero
360 5120 471 5195 preter
495 5114 733 5197 suprascripta,
759 5135 821 5197 que
851 5115 932 5197 ipsis
956 5115 1196 5181 communicata
1227 5135 1325 5181 manu
1359 5115 1524 5197 sepedicte
1557 5116 1597 5182 G.
1623 5113 1736 5180 uxoris
1768 5133 1838 5179 mee

178 5220 364 5287 liberaliter
397 5219 521 5286 contuli
551 5228 687 5304 propter
718 5225 822 5303 deum,
854 5230 929 5305 post
952 5222 1077 5315 obitum
1108 5242 1214 5288 meum
1237 5230 1397 5305 perpetuo
1422 5220 1629 5303 possidenda,
1655 5240 1690 5285 se
1714 5218 1838 5286 fratres

179 5327 371 5409 supradicte
388 5329 501 5393 domus
518 5328 719 5395 Teuthonice
735 5328 944 5414 integraliter
960 5330 1110 5395 similiter
1125 5329 1356 5395 intromittent.
1397 5330 1444 5395 Ut
1459 5328 1560 5413 igitur
1575 5329 1636 5393 hec
1652 5326 1839 5409 prescripta

177 5442 258 5501 rata
290 5440 324 5500 et
355 5434 549 5501 inconvulsa
581 5444 797 5517 permaneant
829 5443 862 5504 et
895 5458 915 5503 a
947 5437 1074 5504 nemine
1107 5437 1242 5505 valeant
1274 5437 1477 5519 inposterum
1499 5434 1667 5515 infirmari,
1701 5453 1837 5515 presens

178 5542 340 5625 scriptum
356 5540 472 5607 exinde
489 5540 674 5609 confectum
690 5542 806 5627 sigillis
823 5542 1028 5627 subscriptis,
1045 5543 1199 5611 videlicet
1217 5597 1223 5608 .
1244 5596 1249 5609 .
1268 5543 1388 5625 prioris
1404 5546 1444 5609 de
1461 5541 1573 5609 ordine
1589 5540 1837 5607 PredIcatorum

178 5647 549 5716 Fraukeuvordensium
579 5654 671 5714 et..
703 5650 966 5717 conmendatoris
999 5648 1142 5717 fratrum
1171 5654 1285 5716 domus
1316 5650 1517 5716 Teuthonice
1546 5649 1581 5716 in
1612 5650 1837 5715 Sassenhuseu

179 5754 264 5838 petii
287 5754 450 5821 roborari.
496 5756 584 5821 Acta
614 5762 691 5821 suut
720 5757 791 5839 hec,
823 5756 886 5822 hiis
917 5758 1127 5839 presentibus
1158 5763 1192 5822 et
1220 5757 1254 5821 iu
1279 5756 1498 5822 testimouium
1521 5755 1705 5839 deputatis:
1731 5752 1837 5821 fratre

1718 5897 1767 5950 19*
