<?xml version="1.0" encoding="UTF-8"?>
<!DOCTYPE html PUBLIC "-//W3C//DTD XHTML 1.0 Transitional//EN"
    "http://www.w3.org/TR/xhtml1/DTD/xhtml1-transitional.dtd">
<html xmlns="http://www.w3.org/1999/xhtml" xml:lang="en" lang="en">
 <head>
  <title>
</title>
<meta http-equiv="Content-Type" content="text/html;charset=utf-8" />
  <meta name='ocr-system' content='tesseract 3.04.00' />
  <meta name='ocr-capabilities' content='ocr_page ocr_carea ocr_par ocr_line ocrx_word'/>
</head>
<body>
  <div class='ocr_page' id='page_1' title='image "./codexdiplomatic00nathgoog_0469.png"; bbox 0 0 4400 6384; ppageno 0'>
   <div class='ocr_carea' id='block_1_1' title="bbox 889 356 1810 430">
    <p class='ocr_par' dir='ltr' id='par_1_1' title="bbox 889 356 1810 430">
     <span class='ocr_line' id='line_1_1' title="bbox 889 356 1810 430; baseline 0 -16"><span class='ocrx_word' id='word_1_1' title='bbox 889 357 959 414; x_wconf 84' lang='lat' dir='ltr'>taos</span> <span class='ocrx_word' id='word_1_2' title='bbox 976 356 1036 416; x_wconf 85' lang='lat' dir='ltr'>Juli</span> <span class='ocrx_word' id='word_1_3' title='bbox 1054 359 1079 414; x_wconf 81' lang='lat'>5.</span> <span class='ocrx_word' id='word_1_4' title='bbox 1744 361 1810 430; x_wconf 77' lang='lat'>453</span> 
     </span>
    </p>
   </div>
   <div class='ocr_carea' id='block_1_2' title="bbox 153 554 1811 1283">
    <p class='ocr_par' dir='ltr' id='par_1_2' title="bbox 153 554 1811 1283">
     <span class='ocr_line' id='line_1_2' title="bbox 154 554 1809 645; baseline 0 -18"><span class='ocrx_word' id='word_1_5' title='bbox 154 559 188 627; x_wconf 96' lang='lat' dir='ltr'>in</span> <span class='ocrx_word' id='word_1_6' title='bbox 215 560 470 641; x_wconf 86' lang='lat' dir='ltr'>Schonenauwe,</span> <span class='ocrx_word' id='word_1_7' title='bbox 503 557 628 632; x_wconf 79' lang='lat' dir='ltr'>ordinis</span> <span class='ocrx_word' id='word_1_8' title='bbox 652 554 889 638; x_wconf 83' lang='lat' dir='ltr'>Cisterciensis,</span> <span class='ocrx_word' id='word_1_9' title='bbox 914 556 1017 623; x_wconf 88' lang='lat' dir='ltr'>libere</span> <span class='ocrx_word' id='word_1_10' title='bbox 1047 563 1081 623; x_wconf 91' lang='grc'>11</span> <span class='ocrx_word' id='word_1_11' title='bbox 1111 558 1261 624; x_wconf 86' lang='lat' dir='ltr'>absolute</span> <span class='ocrx_word' id='word_1_12' title='bbox 1290 557 1482 642; x_wconf 79' lang='lat' dir='ltr'>resignavit,</span> <span class='ocrx_word' id='word_1_13' title='bbox 1508 558 1594 625; x_wconf 89' lang='lat' dir='ltr'>sicut</span> <span class='ocrx_word' id='word_1_14' title='bbox 1624 557 1809 645; x_wconf 82' lang='lat' dir='ltr'>olisbona,</span> 
     </span>
     <span class='ocr_line' id='line_1_3' title="bbox 155 661 1811 749; baseline 0 -15"><span class='ocrx_word' id='word_1_15' title='bbox 155 687 217 749; x_wconf 90' lang='lat' dir='ltr'>que</span> <span class='ocrx_word' id='word_1_16' title='bbox 249 666 354 734; x_wconf 91' lang='lat' dir='ltr'>eidem</span> <span class='ocrx_word' id='word_1_17' title='bbox 376 664 576 733; x_wconf 91' lang='lat' dir='ltr'>monasterio</span> <span class='ocrx_word' id='word_1_18' title='bbox 601 663 741 731; x_wconf 89' lang='lat' dir='ltr'>contulit</span> <span class='ocrx_word' id='word_1_19' title='bbox 764 670 798 729; x_wconf 91' lang='lat' dir='ltr'>et</span> <span class='ocrx_word' id='word_1_20' title='bbox 821 663 968 745; x_wconf 91' lang='lat' dir='ltr'>donavit,</span> <span class='ocrx_word' id='word_1_21' title='bbox 993 683 1053 746; x_wconf 91' lang='lat' dir='ltr'>pro</span> <span class='ocrx_word' id='word_1_22' title='bbox 1077 663 1219 731; x_wconf 91' lang='lat' dir='ltr'>remedio</span> <span class='ocrx_word' id='word_1_23' title='bbox 1244 661 1350 730; x_wconf 90' lang='lat' dir='ltr'>anime</span> <span class='ocrx_word' id='word_1_24' title='bbox 1374 683 1432 730; x_wconf 89' lang='lat' dir='ltr'>sue</span> <span class='ocrx_word' id='word_1_25' title='bbox 1456 671 1490 732; x_wconf 88' lang='lat' dir='ltr'>et</span> <span class='ocrx_word' id='word_1_26' title='bbox 1514 668 1675 747; x_wconf 89' lang='lat' dir='ltr'>quondam</span> <span class='ocrx_word' id='word_1_27' title='bbox 1700 666 1811 734; x_wconf 90' lang='lat' dir='ltr'>mariti</span> 
     </span>
     <span class='ocr_line' id='line_1_4' title="bbox 155 770 1809 858; baseline 0 -17"><span class='ocrx_word' id='word_1_28' title='bbox 155 775 206 842; x_wconf 89' lang='lat' dir='ltr'>sui</span> <span class='ocrx_word' id='word_1_29' title='bbox 248 773 389 858; x_wconf 80' lang='lat' dir='ltr'>predicti</span> <span class='ocrx_word' id='word_1_30' title='bbox 430 773 501 840; x_wconf 91' lang='lat' dir='ltr'>siue</span> <span class='ocrx_word' id='word_1_31' title='bbox 536 771 797 839; x_wconf 79' lang='lat' dir='ltr'>contradictione</span> <span class='ocrx_word' id='word_1_32' title='bbox 832 770 1050 852; x_wconf 86' lang='lat' dir='ltr'>quorumlibet</span> <span class='ocrx_word' id='word_1_33' title='bbox 1090 777 1248 853; x_wconf 90' lang='lat' dir='ltr'>perpetuo</span> <span class='ocrx_word' id='word_1_34' title='bbox 1284 771 1532 855; x_wconf 65' lang='lat' dir='ltr'>possidendam</span> <span class='ocrx_word' id='word_1_35' title='bbox 1568 773 1741 858; x_wconf 82' lang='lat' dir='ltr'>resignans</span> <span class='ocrx_word' id='word_1_36' title='bbox 1777 783 1809 841; x_wconf 93' lang='lat' dir='ltr'>et</span> 
     </span>
     <span class='ocr_line' id='line_1_5' title="bbox 154 877 1807 963; baseline 0.001 -15"><span class='ocrx_word' id='word_1_37' title='bbox 154 881 353 949; x_wconf 86' lang='lat' dir='ltr'>renuncians</span> <span class='ocrx_word' id='word_1_38' title='bbox 376 881 463 947; x_wconf 93' lang='lat' dir='ltr'>omni</span> <span class='ocrx_word' id='word_1_39' title='bbox 485 879 559 963; x_wconf 91' lang='lat' dir='ltr'>iuri,</span> <span class='ocrx_word' id='word_1_40' title='bbox 584 881 670 960; x_wconf 92' lang='lat' dir='ltr'>quod</span> <span class='ocrx_word' id='word_1_41' title='bbox 686 878 789 944; x_wconf 93' lang='lat' dir='ltr'>eidem</span> <span class='ocrx_word' id='word_1_42' title='bbox 806 878 992 963; x_wconf 80' lang='lat' dir='ltr'>Elyzabeth</span> <span class='ocrx_word' id='word_1_43' title='bbox 1007 877 1042 944; x_wconf 95' lang='lat' dir='ltr'>in</span> <span class='ocrx_word' id='word_1_44' title='bbox 1058 877 1148 944; x_wconf 92' lang='lat' dir='ltr'>dicta</span> <span class='ocrx_word' id='word_1_45' title='bbox 1165 877 1256 944; x_wconf 91' lang='lat' dir='ltr'>curia</span> <span class='ocrx_word' id='word_1_46' title='bbox 1272 885 1383 960; x_wconf 89' lang='lat' dir='ltr'>posset</span> <span class='ocrx_word' id='word_1_47' title='bbox 1401 886 1586 962; x_wconf 88' lang='lat' dir='ltr'>competere</span> <span class='ocrx_word' id='word_1_48' title='bbox 1601 879 1635 947; x_wconf 92' lang='lat' dir='ltr'>in</span> <span class='ocrx_word' id='word_1_49' title='bbox 1651 879 1807 949; x_wconf 83' lang='lat' dir='ltr'>futurum.</span> 
     </span>
     <span class='ocr_line' id='line_1_6' title="bbox 153 984 1809 1070; baseline 0.001 -16"><span class='ocrx_word' id='word_1_50' title='bbox 153 991 194 1056; x_wconf 92' lang='lat' dir='ltr'>In</span> <span class='ocrx_word' id='word_1_51' title='bbox 217 987 439 1055; x_wconf 90' lang='lat' dir='ltr'>testimonium</span> <span class='ocrx_word' id='word_1_52' title='bbox 462 986 620 1069; x_wconf 90' lang='lat' dir='ltr'>premisse</span> <span class='ocrx_word' id='word_1_53' title='bbox 636 984 873 1068; x_wconf 89' lang='lat' dir='ltr'>resignacionis</span> <span class='ocrx_word' id='word_1_54' title='bbox 889 988 931 1051; x_wconf 92' lang='lat' dir='ltr'>ad</span> <span class='ocrx_word' id='word_1_55' title='bbox 948 992 1099 1068; x_wconf 88' lang='lat' dir='ltr'>rogatum</span> <span class='ocrx_word' id='word_1_56' title='bbox 1115 984 1219 1067; x_wconf 90' lang='lat' dir='ltr'>ipsius</span> <span class='ocrx_word' id='word_1_57' title='bbox 1234 985 1420 1068; x_wconf 82' lang='lat' dir='ltr'>Elyzabeth</span> <span class='ocrx_word' id='word_1_58' title='bbox 1436 985 1577 1070; x_wconf 92' lang='lat' dir='ltr'>sigillum</span> <span class='ocrx_word' id='word_1_59' title='bbox 1594 987 1680 1054; x_wconf 90' lang='lat' dir='ltr'>sedis</span> <span class='ocrx_word' id='word_1_60' title='bbox 1697 995 1809 1056; x_wconf 90' lang='lat' dir='ltr'>nostre</span> 
     </span>
     <span class='ocr_line' id='line_1_7' title="bbox 155 1092 1807 1179; baseline -0.001 -17"><span class='ocrx_word' id='word_1_61' title='bbox 155 1095 302 1179; x_wconf 85' lang='lat' dir='ltr'>predicte</span> <span class='ocrx_word' id='word_1_62' title='bbox 332 1093 541 1177; x_wconf 84' lang='lat' dir='ltr'>presentibus</span> <span class='ocrx_word' id='word_1_63' title='bbox 571 1092 721 1158; x_wconf 82' lang='lat' dir='ltr'>duximus</span> <span class='ocrx_word' id='word_1_64' title='bbox 754 1095 1012 1174; x_wconf 90' lang='lat' dir='ltr'>appendendum.</span> <span class='ocrx_word' id='word_1_65' title='bbox 1060 1093 1183 1158; x_wconf 87' lang='lat' dir='ltr'>Datum</span> <span class='ocrx_word' id='word_1_66' title='bbox 1213 1098 1247 1157; x_wconf 89' lang='lat' dir='ltr'>et</span> <span class='ocrx_word' id='word_1_67' title='bbox 1277 1099 1388 1158; x_wconf 89' lang='lat' dir='ltr'>actum</span> <span class='ocrx_word' id='word_1_68' title='bbox 1418 1113 1503 1159; x_wconf 91' lang='lat' dir='ltr'>anuo</span> <span class='ocrx_word' id='word_1_69' title='bbox 1535 1093 1807 1162; x_wconf 77' lang='grc'><strong>1111111111111.</strong></span> 
     </span>
     <span class='ocr_line' id='line_1_8' title="bbox 154 1181 677 1283; baseline -0.01 -14"><span class='ocrx_word' id='word_1_70' title='bbox 154 1209 259 1283; x_wconf 84' lang='lat' dir='ltr'>sexto,</span> <span class='ocrx_word' id='word_1_71' title='bbox 284 1181 381 1267; x_wconf 76' lang='lat' dir='ltr'>xiil.</span> <span class='ocrx_word' id='word_1_72' title='bbox 403 1200 565 1266; x_wconf 83' lang='lat' dir='ltr'>kalendas</span> <span class='ocrx_word' id='word_1_73' title='bbox 586 1198 677 1266; x_wconf 93' lang='lat' dir='ltr'>iunii.</span> 
     </span>
    </p>
   </div>
   <div class='ocr_carea' id='block_1_3' title="bbox 371 1331 1411 1448">
    <p class='ocr_par' dir='ltr' id='par_1_3' title="bbox 371 1331 1411 1448">
     <span class='ocr_line' id='line_1_9' title="bbox 371 1331 1411 1448; baseline 0 -34"><span class='ocrx_word' id='word_1_74' title='bbox 371 1360 416 1414; x_wconf 88' lang='lat' dir='ltr'>Or.</span> <span class='ocrx_word' id='word_1_75' title='bbox 432 1360 519 1448; x_wconf 66' lang='lat' dir='ltr'>Ppmt.</span> <span class='ocrx_word' id='word_1_76' title='bbox 557 1359 619 1414; x_wconf 82' lang='lat' dir='ltr'>Dae</span> <span class='ocrx_word' id='word_1_77' title='bbox 637 1331 726 1429; x_wconf 72' lang='lat' dir='ltr'>Siegel</span> <span class='ocrx_word' id='word_1_78' title='bbox 743 1359 780 1414; x_wconf 77' lang='lat' dir='ltr'>tet</span> <span class='ocrx_word' id='word_1_79' title='bbox 798 1359 959 1429; x_wconf 79' lang='lat' dir='ltr'>ahgesallen.</span> <span class='ocrx_word' id='word_1_80' title='bbox 997 1357 1036 1413; x_wconf 86' lang='lat' dir='ltr'>St.</span> <span class='ocrx_word' id='word_1_81' title='bbox 1049 1360 1085 1414; x_wconf 78' lang='lat' dir='ltr'>A.</span> <span class='ocrx_word' id='word_1_82' title='bbox 1100 1360 1151 1414; x_wconf 80' lang='lat' dir='ltr'>Fr.</span> <span class='ocrx_word' id='word_1_83' title='bbox 1165 1359 1324 1416; x_wconf 74' lang='grc'><strong>8111111111</strong></span> <span class='ocrx_word' id='word_1_84' title='bbox 1346 1361 1411 1416; x_wconf 84' lang='lat' dir='ltr'>Urh.</span> 
     </span>
    </p>
   </div>
   <div class='ocr_carea' id='block_1_4' title="bbox 152 1731 1810 1928">
    <p class='ocr_par' dir='ltr' id='par_1_4' title="bbox 152 1731 1810 1928">
     <span class='ocr_line' id='line_1_10' title="bbox 152 1731 1810 1816; baseline 0 -10"><span class='ocrx_word' id='word_1_85' title='bbox 152 1731 245 1806; x_wconf 84' lang='lat'><strong>878.</strong></span> <span class='ocrx_word' id='word_1_86' title='bbox 268 1737 332 1804; x_wconf 81' lang='lat' dir='ltr'>Die</span> <span class='ocrx_word' id='word_1_87' title='bbox 354 1738 505 1803; x_wconf 84' lang='lat' dir='ltr'>Inclnsen</span> <span class='ocrx_word' id='word_1_88' title='bbox 527 1741 602 1816; x_wconf 82' lang='lat' dir='ltr'>Osa,</span> <span class='ocrx_word' id='word_1_89' title='bbox 627 1736 746 1815; x_wconf 86' lang='lat' dir='ltr'>Rensa,</span> <span class='ocrx_word' id='word_1_90' title='bbox 774 1737 879 1804; x_wconf 82' lang='lat' dir='ltr'>Ottr&#39;le&#39;e</span> <span class='ocrx_word' id='word_1_91' title='bbox 901 1737 968 1801; x_wconf 77' lang='lat' dir='ltr'>renel</span> <span class='ocrx_word' id='word_1_92' title='bbox 986 1736 1127 1801; x_wconf 83' lang='lat' dir='ltr'>Gertrnol</span> <span class='ocrx_word' id='word_1_93' title='bbox 1151 1740 1185 1800; x_wconf 86' lang='lat' dir='ltr'>in</span> <span class='ocrx_word' id='word_1_94' title='bbox 1202 1737 1373 1802; x_wconf 80' lang='lat' dir='ltr'>Wec&#39;nhez&#39;rn</span> <span class='ocrx_word' id='word_1_95' title='bbox 1396 1739 1443 1802; x_wconf 82' lang='lat' dir='ltr'>bei</span> <span class='ocrx_word' id='word_1_96' title='bbox 1460 1739 1551 1803; x_wconf 72' lang='lat' dir='ltr'>Aleei</span> <span class='ocrx_word' id='word_1_97' title='bbox 1574 1741 1727 1805; x_wconf 76' lang='lat' dir='ltr'>schenden</span> <span class='ocrx_word' id='word_1_98' title='bbox 1749 1742 1810 1806; x_wconf 84' lang='lat' dir='ltr'>alle</span> 
     </span>
     <span class='ocr_line' id='line_1_11' title="bbox 271 1843 1810 1928; baseline 0.001 -17"><span class='ocrx_word' id='word_1_99' title='bbox 271 1847 337 1911; x_wconf 82' lang='lat' dir='ltr'>ihre</span> <span class='ocrx_word' id='word_1_100' title='bbox 367 1845 583 1928; x_wconf 75' lang='lat' dir='ltr'>Besitennpen</span> <span class='ocrx_word' id='word_1_101' title='bbox 612 1845 680 1908; x_wconf 82' lang='lat' dir='ltr'>dene</span> <span class='ocrx_word' id='word_1_102' title='bbox 708 1843 1063 1909; x_wconf 83' lang='lat' dir='ltr'>Derdschordenshonsc</span> <span class='ocrx_word' id='word_1_103' title='bbox 1092 1847 1127 1909; x_wconf 81' lang='lat' dir='ltr'>a&#39;n</span> <span class='ocrx_word' id='word_1_104' title='bbox 1150 1845 1421 1924; x_wconf 83' lang='lat' dir='ltr'>Suchsenhunsen,</span> <span class='ocrx_word' id='word_1_105' title='bbox 1453 1851 1543 1910; x_wconf 82' lang='lat' dir='ltr'>nnter·</span> <span class='ocrx_word' id='word_1_106' title='bbox 1563 1846 1732 1913; x_wconf 80' lang='lat' dir='ltr'>Vorheholt</span> <span class='ocrx_word' id='word_1_107' title='bbox 1754 1849 1810 1913; x_wconf 84' lang='lat' dir='ltr'>der·</span> 
     </span>
    </p>
   </div>
   <div class='ocr_carea' id='block_1_5' title="bbox 269 1949 1808 2032">
    <p class='ocr_par' dir='ltr' id='par_1_5' title="bbox 269 1949 1808 2032">
     <span class='ocr_line' id='line_1_12' title="bbox 269 1949 1808 2032; baseline 0.001 -14"><span class='ocrx_word' id='word_1_108' title='bbox 269 1954 439 2018; x_wconf 76' lang='lat' dir='ltr'>Leibencht</span> <span class='ocrx_word' id='word_1_109' title='bbox 468 1974 513 2018; x_wconf 87' lang='lat' dir='ltr'>an</span> <span class='ocrx_word' id='word_1_110' title='bbox 535 1956 633 2016; x_wconf 77' lang='lat' dir='ltr'>elneno</span> <span class='ocrx_word' id='word_1_111' title='bbox 656 1949 744 2032; x_wconf 71' lang='lat' dir='ltr'>Hofe</span> <span class='ocrx_word' id='word_1_112' title='bbox 766 1955 801 2015; x_wconf 83' lang='lat' dir='ltr'>e&#39;n</span> <span class='ocrx_word' id='word_1_113' title='bbox 818 1950 990 2016; x_wconf 81' lang='lat' dir='ltr'>ch&#39;nhce&#39;m</span> <span class='ocrx_word' id='word_1_114' title='bbox 1012 1950 1071 2032; x_wconf 71' lang='lat' dir='ltr'>fiir</span> <span class='ocrx_word' id='word_1_115' title='bbox 1097 1953 1163 2018; x_wconf 85' lang='lat' dir='ltr'>Osa</span> <span class='ocrx_word' id='word_1_116' title='bbox 1187 1951 1253 2016; x_wconf 72' lang='lat' dir='ltr'>rand</span> <span class='ocrx_word' id='word_1_117' title='bbox 1275 1951 1394 2018; x_wconf 85' lang='lat' dir='ltr'>Rense.</span> <span class='ocrx_word' id='word_1_118' title='bbox 1442 1953 1543 2032; x_wconf 78' lang='lat' dir='ltr'>Atesi,</span> <span class='ocrx_word' id='word_1_119' title='bbox 1570 1960 1658 2019; x_wconf 80' lang='lat'><em>1306</em></span> <span class='ocrx_word' id='word_1_120' title='bbox 1681 1954 1754 2020; x_wconf 86' lang='lat' dir='ltr'>Jnh&#39;</span> <span class='ocrx_word' id='word_1_121' title='bbox 1777 1961 1808 2019; x_wconf 86' lang='lat'>5.</span> 
     </span>
    </p>
   </div>
   <div class='ocr_carea' id='block_1_6' title="bbox 140 2109 1811 5715">
    <p class='ocr_par' dir='ltr' id='par_1_6' title="bbox 140 2109 1811 5715">
     <span class='ocr_line' id='line_1_13' title="bbox 261 2109 1806 2198; baseline 0 -17"><span class='ocrx_word' id='word_1_122' title='bbox 261 2115 328 2181; x_wconf 89' lang='lat' dir='ltr'>Nos</span> <span class='ocrx_word' id='word_1_123' title='bbox 358 2114 436 2195; x_wconf 89' lang='lat' dir='ltr'>Osa,</span> <span class='ocrx_word' id='word_1_124' title='bbox 467 2112 590 2193; x_wconf 88' lang='lat' dir='ltr'>Rensa,</span> <span class='ocrx_word' id='word_1_125' title='bbox 624 2110 750 2177; x_wconf 88' lang='grc'><strong>01111111</strong></span> <span class='ocrx_word' id='word_1_126' title='bbox 780 2117 814 2176; x_wconf 93' lang='grc'>11</span> <span class='ocrx_word' id='word_1_127' title='bbox 844 2110 1029 2193; x_wconf 84' lang='lat' dir='ltr'>Gertrudis</span> <span class='ocrx_word' id='word_1_128' title='bbox 1063 2109 1188 2178; x_wconf 90' lang='lat' dir='ltr'>incluse</span> <span class='ocrx_word' id='word_1_129' title='bbox 1220 2110 1254 2176; x_wconf 91' lang='lat' dir='ltr'>iu</span> <span class='ocrx_word' id='word_1_130' title='bbox 1277 2111 1489 2196; x_wconf 84' lang='lat' dir='ltr'>Weyenheim</span> <span class='ocrx_word' id='word_1_131' title='bbox 1520 2115 1607 2194; x_wconf 91' lang='lat' dir='ltr'>apud</span> <span class='ocrx_word' id='word_1_132' title='bbox 1640 2114 1806 2198; x_wconf 87' lang='lat' dir='ltr'>Alceyam,</span> 
     </span>
     <span class='ocr_line' id='line_1_14' title="bbox 151 2216 1811 2306; baseline -0.002 -17"><span class='ocrx_word' id='word_1_133' title='bbox 151 2218 417 2306; x_wconf 88' lang='lat' dir='ltr'>Moguntiuensis</span> <span class='ocrx_word' id='word_1_134' title='bbox 447 2217 597 2299; x_wconf 91' lang='lat' dir='ltr'>diocesis,</span> <span class='ocrx_word' id='word_1_135' title='bbox 622 2225 736 2284; x_wconf 92' lang='lat' dir='ltr'>tenore</span> <span class='ocrx_word' id='word_1_136' title='bbox 766 2216 972 2300; x_wconf 89' lang='lat' dir='ltr'>presencium</span> <span class='ocrx_word' id='word_1_137' title='bbox 1002 2217 1201 2300; x_wconf 87' lang='lat' dir='ltr'>profitemur,</span> <span class='ocrx_word' id='word_1_138' title='bbox 1227 2221 1313 2298; x_wconf 91' lang='lat' dir='ltr'>quod</span> <span class='ocrx_word' id='word_1_139' title='bbox 1342 2221 1382 2284; x_wconf 89' lang='lat' dir='ltr'>de</span> <span class='ocrx_word' id='word_1_140' title='bbox 1412 2219 1564 2286; x_wconf 89' lang='lat' dir='ltr'>luctuosa</span> <span class='ocrx_word' id='word_1_141' title='bbox 1594 2221 1680 2288; x_wconf 93' lang='lat' dir='ltr'>valle</span> <span class='ocrx_word' id='word_1_142' title='bbox 1708 2221 1811 2287; x_wconf 90' lang='lat' dir='ltr'>seculi</span> 
     </span>
     <span class='ocr_line' id='line_1_15' title="bbox 152 2323 1808 2412; baseline -0.001 -16"><span class='ocrx_word' id='word_1_143' title='bbox 152 2333 195 2396; x_wconf 89' lang='lat' dir='ltr'>ad</span> <span class='ocrx_word' id='word_1_144' title='bbox 212 2347 390 2412; x_wconf 89' lang='lat' dir='ltr'>supernam</span> <span class='ocrx_word' id='word_1_145' title='bbox 404 2326 493 2392; x_wconf 91' lang='lat' dir='ltr'>illam</span> <span class='ocrx_word' id='word_1_146' title='bbox 509 2324 601 2408; x_wconf 87' lang='lat' dir='ltr'>pacis</span> <span class='ocrx_word' id='word_1_147' title='bbox 617 2324 761 2408; x_wconf 91' lang='lat' dir='ltr'>patriam</span> <span class='ocrx_word' id='word_1_148' title='bbox 777 2323 895 2391; x_wconf 90' lang='lat' dir='ltr'>mentis</span> <span class='ocrx_word' id='word_1_149' title='bbox 911 2324 1015 2390; x_wconf 89' lang='grc'><strong>111111</strong></span> <span class='ocrx_word' id='word_1_150' title='bbox 1030 2330 1270 2406; x_wconf 70' lang='lat' dir='ltr'>retorquentes</span> <span class='ocrx_word' id='word_1_151' title='bbox 1283 2323 1364 2391; x_wconf 89' lang='lat' dir='ltr'>iuris</span> <span class='ocrx_word' id='word_1_152' title='bbox 1381 2346 1506 2393; x_wconf 89' lang='lat' dir='ltr'>summa</span> <span class='ocrx_word' id='word_1_153' title='bbox 1519 2327 1659 2393; x_wconf 89' lang='lat' dir='ltr'>terrenis</span> <span class='ocrx_word' id='word_1_154' title='bbox 1672 2327 1808 2395; x_wconf 90' lang='lat' dir='ltr'>celestia</span> 
     </span>
     <span class='ocr_line' id='line_1_16' title="bbox 151 2429 1809 2516; baseline -0.001 -14"><span class='ocrx_word' id='word_1_155' title='bbox 151 2443 185 2502; x_wconf 89' lang='lat' dir='ltr'>et</span> <span class='ocrx_word' id='word_1_156' title='bbox 196 2432 419 2502; x_wconf 90' lang='lat' dir='ltr'>transsitoriis</span> <span class='ocrx_word' id='word_1_157' title='bbox 429 2439 546 2499; x_wconf 89' lang='lat' dir='ltr'>eterna</span> <span class='ocrx_word' id='word_1_158' title='bbox 554 2429 644 2497; x_wconf 79' lang='lat' dir='ltr'>felici</span> <span class='ocrx_word' id='word_1_159' title='bbox 654 2430 845 2497; x_wconf 90' lang='lat' dir='ltr'>commercio</span> <span class='ocrx_word' id='word_1_160' title='bbox 857 2438 1057 2498; x_wconf 88' lang='lat' dir='ltr'>commutare</span> <span class='ocrx_word' id='word_1_161' title='bbox 1066 2432 1226 2512; x_wconf 90' lang='lat' dir='ltr'>volentes</span> <span class='ocrx_word' id='word_1_162' title='bbox 1237 2431 1490 2499; x_wconf 90' lang='lat' dir='ltr'>universaboua</span> <span class='ocrx_word' id='word_1_163' title='bbox 1499 2441 1616 2500; x_wconf 88' lang='lat' dir='ltr'>nostra</span> <span class='ocrx_word' id='word_1_164' title='bbox 1625 2433 1809 2516; x_wconf 90' lang='lat' dir='ltr'>ubicunque</span> 
     </span>
     <span class='ocr_line' id='line_1_17' title="bbox 151 2536 1807 2624; baseline -0.001 -15"><span class='ocrx_word' id='word_1_165' title='bbox 151 2543 229 2624; x_wconf 90' lang='lat' dir='ltr'>sita,</span> <span class='ocrx_word' id='word_1_166' title='bbox 254 2539 413 2619; x_wconf 90' lang='lat' dir='ltr'>redditus</span> <span class='ocrx_word' id='word_1_167' title='bbox 439 2538 611 2622; x_wconf 85' lang='lat' dir='ltr'>pensiones</span> <span class='ocrx_word' id='word_1_168' title='bbox 635 2543 669 2603; x_wconf 90' lang='lat' dir='ltr'>et</span> <span class='ocrx_word' id='word_1_169' title='bbox 693 2557 810 2604; x_wconf 90' lang='lat' dir='ltr'>census</span> <span class='ocrx_word' id='word_1_170' title='bbox 833 2544 965 2604; x_wconf 90' lang='lat' dir='ltr'>nostros</span> <span class='ocrx_word' id='word_1_171' title='bbox 988 2545 1059 2605; x_wconf 92' lang='lat' dir='ltr'>toto</span> <span class='ocrx_word' id='word_1_172' title='bbox 1081 2537 1162 2619; x_wconf 87' lang='lat' dir='ltr'>iure,</span> <span class='ocrx_word' id='word_1_173' title='bbox 1188 2557 1251 2619; x_wconf 91' lang='lat' dir='ltr'>quo</span> <span class='ocrx_word' id='word_1_174' title='bbox 1272 2536 1402 2622; x_wconf 89' lang='lat' dir='ltr'>singula</span> <span class='ocrx_word' id='word_1_175' title='bbox 1418 2540 1578 2606; x_wconf 90' lang='lat' dir='ltr'>hactenus</span> <span class='ocrx_word' id='word_1_176' title='bbox 1595 2540 1807 2622; x_wconf 89' lang='lat' dir='ltr'>possedimus</span> 
     </span>
     <span class='ocr_line' id='line_1_18' title="bbox 151 2641 1807 2730; baseline -0.001 -15"><span class='ocrx_word' id='word_1_177' title='bbox 151 2647 361 2716; x_wconf 88' lang='lat' dir='ltr'>concorditer</span> <span class='ocrx_word' id='word_1_178' title='bbox 377 2649 491 2713; x_wconf 92' lang='lat' dir='ltr'>damus</span> <span class='ocrx_word' id='word_1_179' title='bbox 508 2651 541 2711; x_wconf 92' lang='lat' dir='ltr'>et</span> <span class='ocrx_word' id='word_1_180' title='bbox 557 2644 751 2711; x_wconf 90' lang='lat' dir='ltr'>contulimus</span> <span class='ocrx_word' id='word_1_181' title='bbox 768 2643 949 2710; x_wconf 91' lang='lat' dir='ltr'>donacione</span> <span class='ocrx_word' id='word_1_182' title='bbox 964 2643 1052 2710; x_wconf 92' lang='lat' dir='ltr'>iuter</span> <span class='ocrx_word' id='word_1_183' title='bbox 1067 2644 1162 2712; x_wconf 87' lang='lat' dir='ltr'>vivos</span> <span class='ocrx_word' id='word_1_184' title='bbox 1178 2641 1272 2711; x_wconf 87' lang='grc'><strong>11111</strong></span> <span class='ocrx_word' id='word_1_185' title='bbox 1284 2664 1357 2710; x_wconf 91' lang='lat' dir='ltr'>cum</span> <span class='ocrx_word' id='word_1_186' title='bbox 1370 2644 1613 2727; x_wconf 88' lang='lat' dir='ltr'>sollempnitate</span> <span class='ocrx_word' id='word_1_187' title='bbox 1626 2645 1807 2730; x_wconf 89' lang='lat' dir='ltr'>iudiciaria,</span> 
     </span>
     <span class='ocr_line' id='line_1_19' title="bbox 150 2748 1809 2836; baseline -0.001 -14"><span class='ocrx_word' id='word_1_188' title='bbox 150 2755 348 2824; x_wconf 89' lang='lat' dir='ltr'>donavimus</span> <span class='ocrx_word' id='word_1_189' title='bbox 378 2751 540 2836; x_wconf 80' lang='lat' dir='ltr'>religiosis</span> <span class='ocrx_word' id='word_1_190' title='bbox 571 2757 605 2817; x_wconf 92' lang='grc'>11</span> <span class='ocrx_word' id='word_1_191' title='bbox 627 2750 827 2817; x_wconf 90' lang='lat' dir='ltr'>honorandis</span> <span class='ocrx_word' id='word_1_192' title='bbox 851 2749 988 2817; x_wconf 91' lang='lat' dir='ltr'>dominis</span> <span class='ocrx_word' id='word_1_193' title='bbox 1012 2750 1268 2817; x_wconf 87' lang='lat' dir='ltr'>commendatori</span> <span class='ocrx_word' id='word_1_194' title='bbox 1291 2757 1325 2817; x_wconf 91' lang='lat' dir='ltr'>et</span> <span class='ocrx_word' id='word_1_195' title='bbox 1348 2751 1486 2818; x_wconf 93' lang='lat' dir='ltr'>dominis</span> <span class='ocrx_word' id='word_1_196' title='bbox 1510 2748 1671 2819; x_wconf 82' lang='lat' dir='ltr'>fratribus</span> <span class='ocrx_word' id='word_1_197' title='bbox 1696 2758 1809 2822; x_wconf 91' lang='lat' dir='ltr'>domus</span> 
     </span>
     <span class='ocr_line' id='line_1_20' title="bbox 149 2855 1809 2940; baseline -0.001 -11"><span class='ocrx_word' id='word_1_198' title='bbox 149 2862 271 2929; x_wconf 90' lang='lat' dir='ltr'>milicie</span> <span class='ocrx_word' id='word_1_199' title='bbox 296 2858 562 2932; x_wconf 85' lang='lat' dir='ltr'>Teutonicorum</span> <span class='ocrx_word' id='word_1_200' title='bbox 578 2857 613 2923; x_wconf 94' lang='lat' dir='ltr'>iu</span> <span class='ocrx_word' id='word_1_201' title='bbox 636 2858 863 2925; x_wconf 83' lang='lat' dir='ltr'>Sassenhusen</span> <span class='ocrx_word' id='word_1_202' title='bbox 893 2860 981 2940; x_wconf 94' lang='lat' dir='ltr'>apud</span> <span class='ocrx_word' id='word_1_203' title='bbox 1005 2855 1307 2924; x_wconf 82' lang='lat' dir='ltr'>Frankenlurdiam</span> <span class='ocrx_word' id='word_1_204' title='bbox 1338 2877 1418 2939; x_wconf 92' lang='lat' dir='ltr'>pure</span> <span class='ocrx_word' id='word_1_205' title='bbox 1449 2859 1490 2923; x_wconf 91' lang='lat' dir='ltr'>ob</span> <span class='ocrx_word' id='word_1_206' title='bbox 1520 2859 1674 2925; x_wconf 89' lang='lat' dir='ltr'>honorem</span> <span class='ocrx_word' id='word_1_207' title='bbox 1699 2861 1752 2926; x_wconf 92' lang='lat' dir='ltr'>dei</span> <span class='ocrx_word' id='word_1_208' title='bbox 1775 2867 1809 2928; x_wconf 91' lang='grc'>11</span> 
     </span>
     <span class='ocr_line' id='line_1_21' title="bbox 149 2962 1809 3050; baseline -0.001 -14"><span class='ocrx_word' id='word_1_209' title='bbox 149 2969 266 3037; x_wconf 89' lang='lat' dir='ltr'>inclite</span> <span class='ocrx_word' id='word_1_210' title='bbox 290 2965 430 3050; x_wconf 90' lang='lat' dir='ltr'>virginis</span> <span class='ocrx_word' id='word_1_211' title='bbox 445 2963 551 3031; x_wconf 87' lang='lat' dir='ltr'>Marie</span> <span class='ocrx_word' id='word_1_212' title='bbox 574 2964 608 3030; x_wconf 94' lang='lat' dir='ltr'>iu</span> <span class='ocrx_word' id='word_1_213' title='bbox 631 2963 808 3030; x_wconf 91' lang='lat' dir='ltr'>remedium</span> <span class='ocrx_word' id='word_1_214' title='bbox 832 2964 1014 3030; x_wconf 90' lang='lat' dir='ltr'>animarum</span> <span class='ocrx_word' id='word_1_215' title='bbox 1037 2971 1224 3030; x_wconf 90' lang='lat' dir='ltr'>nostrarum</span> <span class='ocrx_word' id='word_1_216' title='bbox 1249 2969 1283 3030; x_wconf 91' lang='lat' dir='ltr'>et</span> <span class='ocrx_word' id='word_1_217' title='bbox 1306 2962 1551 3048; x_wconf 88' lang='lat' dir='ltr'>progenitorum</span> <span class='ocrx_word' id='word_1_218' title='bbox 1572 2972 1809 3034; x_wconf 82' lang='lat' dir='ltr'>nostrorumst</span> 
     </span>
     <span class='ocr_line' id='line_1_22' title="bbox 150 3069 1809 3157; baseline -0.002 -15"><span class='ocrx_word' id='word_1_219' title='bbox 150 3075 305 3156; x_wconf 91' lang='lat' dir='ltr'>omnium,</span> <span class='ocrx_word' id='word_1_220' title='bbox 331 3093 351 3140; x_wconf 93' lang='grc'>1</span> <span class='ocrx_word' id='word_1_221' title='bbox 374 3071 492 3154; x_wconf 89' lang='lat' dir='ltr'>quibus</span> <span class='ocrx_word' id='word_1_222' title='bbox 513 3069 664 3152; x_wconf 89' lang='lat' dir='ltr'>predicta</span> <span class='ocrx_word' id='word_1_223' title='bbox 679 3071 766 3136; x_wconf 90' lang='lat' dir='ltr'>bona</span> <span class='ocrx_word' id='word_1_224' title='bbox 782 3069 876 3136; x_wconf 90' lang='lat' dir='ltr'>nobis</span> <span class='ocrx_word' id='word_1_225' title='bbox 892 3069 1134 3152; x_wconf 88' lang='lat' dir='ltr'>quomodolibet</span> <span class='ocrx_word' id='word_1_226' title='bbox 1149 3072 1363 3150; x_wconf 90' lang='lat' dir='ltr'>obvenerunt,</span> <span class='ocrx_word' id='word_1_227' title='bbox 1389 3069 1481 3136; x_wconf 91' lang='lat' dir='ltr'>curia</span> <span class='ocrx_word' id='word_1_228' title='bbox 1496 3078 1612 3137; x_wconf 91' lang='lat' dir='ltr'>nostra</span> <span class='ocrx_word' id='word_1_229' title='bbox 1626 3071 1809 3157; x_wconf 90' lang='lat' dir='ltr'>inWeyen·</span> 
     </span>
     <span class='ocr_line' id='line_1_23' title="bbox 149 3175 1808 3261; baseline -0.001 -12"><span class='ocrx_word' id='word_1_230' title='bbox 149 3184 240 3249; x_wconf 87' lang='lat' dir='ltr'>heim</span> <span class='ocrx_word' id='word_1_231' title='bbox 263 3199 336 3246; x_wconf 90' lang='lat' dir='ltr'>cum</span> <span class='ocrx_word' id='word_1_232' title='bbox 362 3177 529 3261; x_wconf 81' lang='lat' dir='ltr'>pomerio·</span> <span class='ocrx_word' id='word_1_233' title='bbox 553 3181 726 3244; x_wconf 83' lang='lat' dir='ltr'>dumtaxat</span> <span class='ocrx_word' id='word_1_234' title='bbox 747 3184 897 3260; x_wconf 84' lang='lat' dir='ltr'>excepta,</span> <span class='ocrx_word' id='word_1_235' title='bbox 922 3196 1019 3260; x_wconf 91' lang='lat' dir='ltr'>quam</span> <span class='ocrx_word' id='word_1_236' title='bbox 1043 3177 1157 3243; x_wconf 89' lang='lat' dir='ltr'>diebus</span> <span class='ocrx_word' id='word_1_237' title='bbox 1181 3175 1808 3260; x_wconf 76' lang='grc'><strong>111111111101111111111111111111</strong></span> 
     </span>
     <span class='ocr_line' id='line_1_24' title="bbox 148 3281 1807 3367; baseline -0.002 -10"><span class='ocrx_word' id='word_1_238' title='bbox 148 3291 277 3357; x_wconf 90' lang='lat' dir='ltr'>habere</span> <span class='ocrx_word' id='word_1_239' title='bbox 299 3287 448 3354; x_wconf 90' lang='lat' dir='ltr'>volumus</span> <span class='ocrx_word' id='word_1_240' title='bbox 471 3291 506 3351; x_wconf 92' lang='lat' dir='ltr'>et</span> <span class='ocrx_word' id='word_1_241' title='bbox 529 3283 739 3367; x_wconf 89' lang='lat' dir='ltr'>presentibus</span> <span class='ocrx_word' id='word_1_242' title='bbox 762 3283 868 3350; x_wconf 90' lang='lat' dir='ltr'>literis</span> <span class='ocrx_word' id='word_1_243' title='bbox 891 3283 1036 3352; x_wconf 90' lang='lat' dir='ltr'>locamus</span> <span class='ocrx_word' id='word_1_244' title='bbox 1059 3304 1099 3350; x_wconf 91' lang='grc'>11</span> <span class='ocrx_word' id='word_1_245' title='bbox 1122 3281 1302 3351; x_wconf 89' lang='lat' dir='ltr'>locavimus</span> <span class='ocrx_word' id='word_1_246' title='bbox 1325 3302 1398 3348; x_wconf 91' lang='lat' dir='ltr'>cum</span> <span class='ocrx_word' id='word_1_247' title='bbox 1413 3283 1585 3350; x_wconf 90' lang='lat' dir='ltr'>voluntate</span> <span class='ocrx_word' id='word_1_248' title='bbox 1606 3285 1807 3354; x_wconf 91' lang='lat' dir='ltr'>dominorum</span> 
     </span>
     <span class='ocr_line' id='line_1_25' title="bbox 148 3389 1808 3474; baseline -0.001 -11"><span class='ocrx_word' id='word_1_249' title='bbox 148 3396 184 3463; x_wconf 93' lang='lat' dir='ltr'>iu</span> <span class='ocrx_word' id='word_1_250' title='bbox 199 3390 499 3474; x_wconf 81' lang='lat' dir='ltr'>Franckenfordia,</span> <span class='ocrx_word' id='word_1_251' title='bbox 516 3390 550 3456; x_wconf 94' lang='lat' dir='ltr'>iu</span> <span class='ocrx_word' id='word_1_252' title='bbox 562 3389 763 3458; x_wconf 86' lang='lat' dir='ltr'>Vlerssheim</span> <span class='ocrx_word' id='word_1_253' title='bbox 786 3397 820 3457; x_wconf 94' lang='grc'>11</span> <span class='ocrx_word' id='word_1_254' title='bbox 842 3390 876 3456; x_wconf 91' lang='grc'>11</span> <span class='ocrx_word' id='word_1_255' title='bbox 889 3389 1090 3457; x_wconf 90' lang='lat' dir='ltr'>Weienheim</span> <span class='ocrx_word' id='word_1_256' title='bbox 1114 3392 1412 3457; x_wconf 91' lang='lat' dir='ltr'>commendatorum</span> <span class='ocrx_word' id='word_1_257' title='bbox 1432 3389 1574 3457; x_wconf 87' lang='lat' dir='ltr'>discreto</span> <span class='ocrx_word' id='word_1_258' title='bbox 1590 3389 1662 3458; x_wconf 92' lang='lat' dir='ltr'>viro</span> <span class='ocrx_word' id='word_1_259' title='bbox 1679 3393 1808 3461; x_wconf 92' lang='lat' dir='ltr'>domiuo</span> 
     </span>
     <span class='ocr_line' id='line_1_26' title="bbox 149 3495 1808 3582; baseline -0.002 -13"><span class='ocrx_word' id='word_1_260' title='bbox 149 3503 306 3571; x_wconf 89' lang='lat' dir='ltr'>Cunrado</span> <span class='ocrx_word' id='word_1_261' title='bbox 330 3502 371 3565; x_wconf 93' lang='lat' dir='ltr'>de</span> <span class='ocrx_word' id='word_1_262' title='bbox 386 3498 522 3582; x_wconf 79' lang='lat' dir='ltr'>Alceya,</span> <span class='ocrx_word' id='word_1_263' title='bbox 546 3497 675 3580; x_wconf 91' lang='lat' dir='ltr'>pastori</span> <span class='ocrx_word' id='word_1_264' title='bbox 697 3497 833 3564; x_wconf 89' lang='lat' dir='ltr'>ecclesie</span> <span class='ocrx_word' id='word_1_265' title='bbox 856 3496 1114 3578; x_wconf 89' lang='lat' dir='ltr'>inWeienheim,</span> <span class='ocrx_word' id='word_1_266' title='bbox 1139 3496 1253 3562; x_wconf 91' lang='lat' dir='ltr'>diebus</span> <span class='ocrx_word' id='word_1_267' title='bbox 1276 3495 1345 3563; x_wconf 90' lang='lat' dir='ltr'>vite</span> <span class='ocrx_word' id='word_1_268' title='bbox 1369 3515 1427 3562; x_wconf 90' lang='lat' dir='ltr'>sue</span> <span class='ocrx_word' id='word_1_269' title='bbox 1451 3516 1510 3578; x_wconf 90' lang='lat' dir='ltr'>pro</span> <span class='ocrx_word' id='word_1_270' title='bbox 1534 3505 1690 3565; x_wconf 90' lang='lat' dir='ltr'>consueto</span> <span class='ocrx_word' id='word_1_271' title='bbox 1708 3518 1808 3566; x_wconf 90' lang='lat' dir='ltr'>censu</span> 
     </span>
     <span class='ocr_line' id='line_1_27' title="bbox 147 3601 1808 3687; baseline -0.002 -11"><span class='ocrx_word' id='word_1_272' title='bbox 147 3607 280 3676; x_wconf 87' lang='lat' dir='ltr'>meritis</span> <span class='ocrx_word' id='word_1_273' title='bbox 309 3605 378 3672; x_wconf 90' lang='lat' dir='ltr'>suis</span> <span class='ocrx_word' id='word_1_274' title='bbox 408 3604 661 3687; x_wconf 86' lang='lat' dir='ltr'>requirentibus,</span> <span class='ocrx_word' id='word_1_275' title='bbox 687 3603 865 3670; x_wconf 87' lang='lat' dir='ltr'>structuris</span> <span class='ocrx_word' id='word_1_276' title='bbox 895 3611 1006 3670; x_wconf 90' lang='lat' dir='ltr'>tamen</span> <span class='ocrx_word' id='word_1_277' title='bbox 1035 3602 1117 3669; x_wconf 93' lang='lat' dir='ltr'>inibi</span> <span class='ocrx_word' id='word_1_278' title='bbox 1143 3601 1370 3670; x_wconf 87' lang='lat' dir='ltr'>instaurandis</span> <span class='ocrx_word' id='word_1_279' title='bbox 1393 3609 1559 3685; x_wconf 90' lang='lat' dir='ltr'>uteunque</span> <span class='ocrx_word' id='word_1_280' title='bbox 1584 3624 1642 3687; x_wconf 91' lang='lat' dir='ltr'>per</span> <span class='ocrx_word' id='word_1_281' title='bbox 1666 3625 1726 3672; x_wconf 91' lang='lat' dir='ltr'>nos</span> <span class='ocrx_word' id='word_1_282' title='bbox 1749 3612 1808 3672; x_wconf 90' lang='lat' dir='ltr'>aut</span> 
     </span>
     <span class='ocr_line' id='line_1_28' title="bbox 147 3706 1807 3798; baseline -0.002 -16"><span class='ocrx_word' id='word_1_283' title='bbox 147 3717 261 3798; x_wconf 89' lang='lat' dir='ltr'>ipsum</span> <span class='ocrx_word' id='word_1_284' title='bbox 285 3715 472 3780; x_wconf 83' lang='lat' dir='ltr'>Ounradum</span> <span class='ocrx_word' id='word_1_285' title='bbox 502 3718 577 3792; x_wconf 89' lang='lat' dir='ltr'>post</span> <span class='ocrx_word' id='word_1_286' title='bbox 604 3710 729 3777; x_wconf 91' lang='lat' dir='ltr'>obitum</span> <span class='ocrx_word' id='word_1_287' title='bbox 752 3718 899 3778; x_wconf 91' lang='lat' dir='ltr'>nostrum</span> <span class='ocrx_word' id='word_1_288' title='bbox 924 3717 958 3777; x_wconf 90' lang='grc'>11</span> <span class='ocrx_word' id='word_1_289' title='bbox 981 3730 1073 3776; x_wconf 91' lang='lat' dir='ltr'>suum</span> <span class='ocrx_word' id='word_1_290' title='bbox 1098 3713 1142 3776; x_wconf 91' lang='lat' dir='ltr'>ad</span> <span class='ocrx_word' id='word_1_291' title='bbox 1165 3706 1314 3792; x_wconf 86' lang='lat' dir='ltr'>prelatos</span> <span class='ocrx_word' id='word_1_292' title='bbox 1338 3708 1485 3776; x_wconf 90' lang='lat' dir='ltr'>dominos</span> <span class='ocrx_word' id='word_1_293' title='bbox 1509 3729 1575 3776; x_wconf 90' lang='lat' dir='ltr'>una</span> <span class='ocrx_word' id='word_1_294' title='bbox 1599 3730 1671 3776; x_wconf 90' lang='lat' dir='ltr'>eum</span> <span class='ocrx_word' id='word_1_295' title='bbox 1694 3715 1807 3779; x_wconf 91' lang='lat' dir='ltr'>eadem</span> 
     </span>
     <span class='ocr_line' id='line_1_29' title="bbox 148 3815 1806 3903; baseline -0.002 -15"><span class='ocrx_word' id='word_1_296' title='bbox 148 3821 246 3888; x_wconf 87' lang='lat' dir='ltr'>curia</span> <span class='ocrx_word' id='word_1_297' title='bbox 268 3817 451 3886; x_wconf 90' lang='lat' dir='ltr'>liberaliter</span> <span class='ocrx_word' id='word_1_298' title='bbox 474 3817 695 3885; x_wconf 89' lang='lat' dir='ltr'>devolvendis.</span> <span class='ocrx_word' id='word_1_299' title='bbox 743 3819 883 3900; x_wconf 88' lang='lat' dir='ltr'>Insuper</span> <span class='ocrx_word' id='word_1_300' title='bbox 906 3817 1070 3900; x_wconf 90' lang='lat' dir='ltr'>equanimi</span> <span class='ocrx_word' id='word_1_301' title='bbox 1093 3817 1265 3884; x_wconf 89' lang='lat' dir='ltr'>voluntate</span> <span class='ocrx_word' id='word_1_302' title='bbox 1289 3815 1509 3899; x_wconf 88' lang='lat' dir='ltr'>promittimus</span> <span class='ocrx_word' id='word_1_303' title='bbox 1533 3824 1565 3883; x_wconf 89' lang='lat' dir='ltr'>et</span> <span class='ocrx_word' id='word_1_304' title='bbox 1590 3817 1806 3903; x_wconf 72' lang='lat' dir='ltr'>promisimus</span> 
     </span>
     <span class='ocr_line' id='line_1_30' title="bbox 147 3919 1808 4008; baseline -0.001 -13"><span class='ocrx_word' id='word_1_305' title='bbox 147 3929 303 3995; x_wconf 77' lang='lat' dir='ltr'>volumus</span> <span class='ocrx_word' id='word_1_306' title='bbox 326 3931 361 3992; x_wconf 93' lang='grc'>11</span> <span class='ocrx_word' id='word_1_307' title='bbox 383 3924 594 4008; x_wconf 71' lang='lat' dir='ltr'>disponimus</span> <span class='ocrx_word' id='word_1_308' title='bbox 619 3926 706 4006; x_wconf 93' lang='lat' dir='ltr'>quod</span> <span class='ocrx_word' id='word_1_309' title='bbox 729 3919 805 4006; x_wconf 90' lang='lat' dir='ltr'>post</span> <span class='ocrx_word' id='word_1_310' title='bbox 828 3923 952 3991; x_wconf 90' lang='lat' dir='ltr'>obitum</span> <span class='ocrx_word' id='word_1_311' title='bbox 968 3926 1138 3991; x_wconf 89' lang='lat' dir='ltr'>ambarum</span> <span class='ocrx_word' id='word_1_312' title='bbox 1154 3929 1351 4005; x_wconf 90' lang='lat' dir='ltr'>nostrarum,</span> <span class='ocrx_word' id='word_1_313' title='bbox 1377 3919 1531 4005; x_wconf 91' lang='lat' dir='ltr'>quicquid</span> <span class='ocrx_word' id='word_1_314' title='bbox 1546 3925 1705 3991; x_wconf 90' lang='lat' dir='ltr'>bonorum</span> <span class='ocrx_word' id='word_1_315' title='bbox 1721 3925 1808 3993; x_wconf 91' lang='lat' dir='ltr'>alma</span> 
     </span>
     <span class='ocr_line' id='line_1_31' title="bbox 147 4029 1807 4114; baseline -0.001 -13"><span class='ocrx_word' id='word_1_316' title='bbox 147 4034 204 4101; x_wconf 88' lang='lat' dir='ltr'>dei</span> <span class='ocrx_word' id='word_1_317' title='bbox 235 4032 367 4099; x_wconf 90' lang='lat' dir='ltr'>bonitas</span> <span class='ocrx_word' id='word_1_318' title='bbox 397 4030 492 4098; x_wconf 90' lang='lat' dir='ltr'>nobis</span> <span class='ocrx_word' id='word_1_319' title='bbox 518 4050 691 4112; x_wconf 88' lang='lat' dir='ltr'>superesse</span> <span class='ocrx_word' id='word_1_320' title='bbox 714 4031 864 4112; x_wconf 91' lang='lat' dir='ltr'>voluerit,</span> <span class='ocrx_word' id='word_1_321' title='bbox 890 4029 1031 4114; x_wconf 89' lang='lat' dir='ltr'>prelatis</span> <span class='ocrx_word' id='word_1_322' title='bbox 1055 4030 1192 4097; x_wconf 90' lang='lat' dir='ltr'>dominis</span> <span class='ocrx_word' id='word_1_323' title='bbox 1217 4029 1312 4112; x_wconf 89' lang='lat' dir='ltr'>plene</span> <span class='ocrx_word' id='word_1_324' title='bbox 1335 4029 1509 4096; x_wconf 90' lang='lat' dir='ltr'>debebitur</span> <span class='ocrx_word' id='word_1_325' title='bbox 1533 4037 1632 4112; x_wconf 91' lang='lat' dir='ltr'>atque</span> <span class='ocrx_word' id='word_1_326' title='bbox 1656 4035 1751 4098; x_wconf 89' lang='lat' dir='ltr'>cedet</span> <span class='ocrx_word' id='word_1_327' title='bbox 1774 4039 1807 4099; x_wconf 90' lang='lat' dir='ltr'>et</span> 
     </span>
     <span class='ocr_line' id='line_1_32' title="bbox 146 4135 1806 4222; baseline -0.002 -15"><span class='ocrx_word' id='word_1_328' title='bbox 146 4137 379 4207; x_wconf 90' lang='lat' dir='ltr'>nichilominus</span> <span class='ocrx_word' id='word_1_329' title='bbox 403 4157 424 4204; x_wconf 98' lang='grc'>1</span> <span class='ocrx_word' id='word_1_330' title='bbox 446 4137 612 4220; x_wconf 89' lang='lat' dir='ltr'>pensione,</span> <span class='ocrx_word' id='word_1_331' title='bbox 638 4156 735 4218; x_wconf 91' lang='lat' dir='ltr'>quam</span> <span class='ocrx_word' id='word_1_332' title='bbox 751 4136 844 4204; x_wconf 88' lang='lat' dir='ltr'>nobis</span> <span class='ocrx_word' id='word_1_333' title='bbox 860 4144 1053 4219; x_wconf 89' lang='lat' dir='ltr'>presentare</span> <span class='ocrx_word' id='word_1_334' title='bbox 1069 4143 1233 4219; x_wconf 90' lang='lat' dir='ltr'>tenentur,</span> <span class='ocrx_word' id='word_1_335' title='bbox 1255 4143 1376 4203; x_wconf 84' lang='lat' dir='ltr'>extunc</span> <span class='ocrx_word' id='word_1_336' title='bbox 1392 4135 1524 4219; x_wconf 91' lang='lat' dir='ltr'>penitus</span> <span class='ocrx_word' id='word_1_337' title='bbox 1540 4143 1637 4202; x_wconf 87' lang='lat' dir='ltr'>erunt</span> <span class='ocrx_word' id='word_1_338' title='bbox 1654 4139 1806 4222; x_wconf 89' lang='lat' dir='ltr'>absoluti,</span> 
     </span>
     <span class='ocr_line' id='line_1_33' title="bbox 146 4241 1808 4330; baseline -0.002 -16"><span class='ocrx_word' id='word_1_339' title='bbox 146 4241 364 4330; x_wconf 76' lang='lat' dir='ltr'>premortuab</span> <span class='ocrx_word' id='word_1_340' title='bbox 387 4263 466 4312; x_wconf 91' lang='lat' dir='ltr'>vero</span> <span class='ocrx_word' id='word_1_341' title='bbox 490 4263 557 4309; x_wconf 90' lang='lat' dir='ltr'>una</span> <span class='ocrx_word' id='word_1_342' title='bbox 579 4249 729 4310; x_wconf 90' lang='lat' dir='ltr'>nostrum</span> <span class='ocrx_word' id='word_1_343' title='bbox 753 4246 865 4310; x_wconf 90' lang='lat' dir='ltr'>decem</span> <span class='ocrx_word' id='word_1_344' title='bbox 887 4243 1015 4310; x_wconf 88' lang='lat' dir='ltr'>maldra</span> <span class='ocrx_word' id='word_1_345' title='bbox 1037 4241 1177 4328; x_wconf 82' lang='lat' dir='ltr'>siliginis</span> <span class='ocrx_word' id='word_1_346' title='bbox 1201 4249 1235 4308; x_wconf 92' lang='lat' dir='ltr'>et</span> <span class='ocrx_word' id='word_1_347' title='bbox 1258 4242 1392 4309; x_wconf 92' lang='lat' dir='ltr'>dimidia</span> <span class='ocrx_word' id='word_1_348' title='bbox 1415 4249 1550 4309; x_wconf 91' lang='lat' dir='ltr'>carrata</span> <span class='ocrx_word' id='word_1_349' title='bbox 1566 4243 1635 4310; x_wconf 92' lang='lat' dir='ltr'>vini</span> <span class='ocrx_word' id='word_1_350' title='bbox 1653 4243 1808 4326; x_wconf 90' lang='lat' dir='ltr'>deinceps</span> 
     </span>
     <span class='ocr_line' id='line_1_34' title="bbox 145 4348 1807 4434; baseline -0.001 -14"><span class='ocrx_word' id='word_1_351' title='bbox 145 4351 342 4420; x_wconf 86' lang='lat' dir='ltr'>minutatim</span> <span class='ocrx_word' id='word_1_352' title='bbox 363 4350 521 4434; x_wconf 87' lang='lat' dir='ltr'>predictis</span> <span class='ocrx_word' id='word_1_353' title='bbox 545 4349 683 4417; x_wconf 91' lang='lat' dir='ltr'>dominis</span> <span class='ocrx_word' id='word_1_354' title='bbox 707 4353 898 4417; x_wconf 89' lang='lat' dir='ltr'>decrescent</span> <span class='ocrx_word' id='word_1_355' title='bbox 922 4357 956 4417; x_wconf 91' lang='lat' dir='ltr'>et</span> <span class='ocrx_word' id='word_1_356' title='bbox 979 4351 1205 4431; x_wconf 88' lang='lat' dir='ltr'>remanebunt,</span> <span class='ocrx_word' id='word_1_357' title='bbox 1231 4349 1358 4417; x_wconf 88' lang='lat' dir='ltr'>viventi</span> <span class='ocrx_word' id='word_1_358' title='bbox 1381 4357 1491 4416; x_wconf 88' lang='lat' dir='ltr'>autern</span> <span class='ocrx_word' id='word_1_359' title='bbox 1508 4348 1615 4431; x_wconf 89' lang='lat' dir='ltr'>alteri,</span> <span class='ocrx_word' id='word_1_360' title='bbox 1640 4370 1807 4433; x_wconf 88' lang='lat' dir='ltr'>quousque</span> 
     </span>
     <span class='ocr_line' id='line_1_35' title="bbox 145 4453 1807 4541; baseline -0.002 -13"><span class='ocrx_word' id='word_1_361' title='bbox 145 4459 246 4541; x_wconf 80' lang='lat' dir='ltr'>vixit,</span> <span class='ocrx_word' id='word_1_362' title='bbox 272 4464 375 4526; x_wconf 89' lang='lat' dir='ltr'>totam</span> <span class='ocrx_word' id='word_1_363' title='bbox 406 4457 504 4524; x_wconf 91' lang='grc'><strong>111111</strong></span> <span class='ocrx_word' id='word_1_364' title='bbox 534 4457 724 4540; x_wconf 89' lang='lat' dir='ltr'>pensionem</span> <span class='ocrx_word' id='word_1_365' title='bbox 754 4454 850 4524; x_wconf 89' lang='grc'><strong>111111</strong></span> <span class='ocrx_word' id='word_1_366' title='bbox 879 4459 1128 4541; x_wconf 89' lang='lat' dir='ltr'>presentabnnt.</span> <span class='ocrx_word' id='word_1_367' title='bbox 1177 4458 1217 4523; x_wconf 94' lang='lat' dir='ltr'>In</span> <span class='ocrx_word' id='word_1_368' title='bbox 1247 4476 1384 4538; x_wconf 90' lang='lat' dir='ltr'>quorum</span> <span class='ocrx_word' id='word_1_369' title='bbox 1414 4453 1555 4523; x_wconf 91' lang='lat' dir='ltr'>omnium</span> <span class='ocrx_word' id='word_1_370' title='bbox 1586 4456 1807 4524; x_wconf 89' lang='lat' dir='ltr'>testimonium</span> 
     </span>
     <span class='ocr_line' id='line_1_36' title="bbox 145 4563 1807 4648; baseline -0.001 -15"><span class='ocrx_word' id='word_1_371' title='bbox 145 4566 288 4635; x_wconf 88' lang='lat' dir='ltr'>evidens</span> <span class='ocrx_word' id='word_1_372' title='bbox 317 4572 417 4647; x_wconf 92' lang='lat' dir='ltr'>atque</span> <span class='ocrx_word' id='word_1_373' title='bbox 449 4566 549 4630; x_wconf 87' lang='lat' dir='ltr'>robur</span> <span class='ocrx_word' id='word_1_374' title='bbox 577 4563 767 4647; x_wconf 82' lang='lat' dir='ltr'>rogavimus</span> <span class='ocrx_word' id='word_1_375' title='bbox 797 4570 830 4630; x_wconf 91' lang='grc'>11</span> <span class='ocrx_word' id='word_1_376' title='bbox 860 4564 1059 4631; x_wconf 91' lang='lat' dir='ltr'>obtinuimus</span> <span class='ocrx_word' id='word_1_377' title='bbox 1089 4570 1260 4646; x_wconf 89' lang='lat' dir='ltr'>presentes</span> <span class='ocrx_word' id='word_1_378' title='bbox 1290 4563 1405 4630; x_wconf 93' lang='lat' dir='ltr'>literas</span> <span class='ocrx_word' id='word_1_379' title='bbox 1429 4563 1544 4648; x_wconf 79' lang='lat' dir='ltr'>sigillis</span> <span class='ocrx_word' id='word_1_380' title='bbox 1568 4563 1807 4631; x_wconf 92' lang='lat' dir='ltr'>honorabilium</span> 
     </span>
     <span class='ocr_line' id='line_1_37' title="bbox 144 4667 1806 4756; baseline -0.001 -16"><span class='ocrx_word' id='word_1_381' title='bbox 144 4671 364 4754; x_wconf 90' lang='lat' dir='ltr'>dominorum,</span> <span class='ocrx_word' id='word_1_382' title='bbox 396 4669 518 4754; x_wconf 90' lang='lat' dir='ltr'>prioris</span> <span class='ocrx_word' id='word_1_383' title='bbox 547 4667 689 4737; x_wconf 85' lang='lat' dir='ltr'>fratrum</span> <span class='ocrx_word' id='word_1_384' title='bbox 718 4671 952 4739; x_wconf 89' lang='lat' dir='ltr'>heremitarum</span> <span class='ocrx_word' id='word_1_385' title='bbox 983 4671 1107 4739; x_wconf 91' lang='lat' dir='ltr'>ordinis</span> <span class='ocrx_word' id='word_1_386' title='bbox 1137 4671 1228 4738; x_wconf 92' lang='lat' dir='ltr'>beati</span> <span class='ocrx_word' id='word_1_387' title='bbox 1258 4671 1436 4756; x_wconf 84' lang='lat' dir='ltr'>Augustini</span> <span class='ocrx_word' id='word_1_388' title='bbox 1466 4671 1499 4738; x_wconf 94' lang='lat' dir='ltr'>in</span> <span class='ocrx_word' id='word_1_389' title='bbox 1522 4672 1658 4756; x_wconf 79' lang='lat' dir='ltr'>Alceya,</span> <span class='ocrx_word' id='word_1_390' title='bbox 1689 4669 1806 4738; x_wconf 80' lang='lat' dir='ltr'>fratris</span> 
     </span>
     <span class='ocr_line' id='line_1_38' title="bbox 144 4775 1805 4864; baseline -0.002 -16"><span class='ocrx_word' id='word_1_391' title='bbox 144 4776 343 4864; x_wconf 82' lang='lat' dir='ltr'>Gyselberti</span> <span class='ocrx_word' id='word_1_392' title='bbox 365 4775 518 4862; x_wconf 89' lang='lat' dir='ltr'>magistri</span> <span class='ocrx_word' id='word_1_393' title='bbox 540 4779 654 4844; x_wconf 91' lang='lat' dir='ltr'>domus</span> <span class='ocrx_word' id='word_1_394' title='bbox 677 4775 768 4844; x_wconf 89' lang='lat' dir='ltr'>beati</span> <span class='ocrx_word' id='word_1_395' title='bbox 783 4778 952 4860; x_wconf 91' lang='lat' dir='ltr'>Anthouii,</span> <span class='ocrx_word' id='word_1_396' title='bbox 978 4777 1119 4862; x_wconf 89' lang='lat' dir='ltr'>predicti</span> <span class='ocrx_word' id='word_1_397' title='bbox 1143 4777 1264 4844; x_wconf 91' lang='lat' dir='ltr'>domini</span> <span class='ocrx_word' id='word_1_398' title='bbox 1279 4777 1424 4845; x_wconf 86' lang='lat' dir='ltr'>Ounradi</span> <span class='ocrx_word' id='word_1_399' title='bbox 1446 4777 1586 4844; x_wconf 90' lang='lat' dir='ltr'>rectoris</span> <span class='ocrx_word' id='word_1_400' title='bbox 1610 4777 1747 4845; x_wconf 90' lang='lat' dir='ltr'>ecclesie</span> <span class='ocrx_word' id='word_1_401' title='bbox 1771 4778 1805 4845; x_wconf 90' lang='lat' dir='ltr'>iu</span> 
     </span>
     <span class='ocr_line' id='line_1_39' title="bbox 143 4879 1804 4969; baseline -0.001 -15"><span class='ocrx_word' id='word_1_402' title='bbox 143 4883 350 4967; x_wconf 86' lang='lat' dir='ltr'>Wienheim,</span> <span class='ocrx_word' id='word_1_403' title='bbox 380 4883 518 4951; x_wconf 86' lang='lat' dir='ltr'>Hemici</span> <span class='ocrx_word' id='word_1_404' title='bbox 546 4884 708 4967; x_wconf 91' lang='lat' dir='ltr'>prepositi</span> <span class='ocrx_word' id='word_1_405' title='bbox 742 4879 777 4950; x_wconf 94' lang='lat' dir='ltr'>in</span> <span class='ocrx_word' id='word_1_406' title='bbox 807 4883 1085 4969; x_wconf 90' lang='lat' dir='ltr'>Himmelgarten,</span> <span class='ocrx_word' id='word_1_407' title='bbox 1118 4891 1151 4951; x_wconf 90' lang='lat' dir='ltr'>et</span> <span class='ocrx_word' id='word_1_408' title='bbox 1174 4884 1338 4952; x_wconf 89' lang='lat' dir='ltr'>Johannis</span> <span class='ocrx_word' id='word_1_409' title='bbox 1368 4883 1574 4966; x_wconf 89' lang='lat' dir='ltr'>viceplebani</span> <span class='ocrx_word' id='word_1_410' title='bbox 1604 4883 1637 4951; x_wconf 93' lang='lat' dir='ltr'>in</span> <span class='ocrx_word' id='word_1_411' title='bbox 1668 4885 1804 4969; x_wconf 90' lang='lat' dir='ltr'>Alceya,</span> 
     </span>
     <span class='ocr_line' id='line_1_40' title="bbox 143 4988 1804 5076; baseline -0.001 -16"><span class='ocrx_word' id='word_1_412' title='bbox 143 4993 226 5076; x_wconf 91' lang='lat' dir='ltr'>quia</span> <span class='ocrx_word' id='word_1_413' title='bbox 262 4988 370 5076; x_wconf 88' lang='lat' dir='ltr'>sigillo</span> <span class='ocrx_word' id='word_1_414' title='bbox 403 4990 535 5074; x_wconf 90' lang='lat' dir='ltr'>proprio</span> <span class='ocrx_word' id='word_1_415' title='bbox 569 4989 751 5074; x_wconf 90' lang='lat' dir='ltr'>caruimus,</span> <span class='ocrx_word' id='word_1_416' title='bbox 785 4990 934 5075; x_wconf 91' lang='lat' dir='ltr'>sigillari,</span> <span class='ocrx_word' id='word_1_417' title='bbox 968 4991 1193 5074; x_wconf 89' lang='lat' dir='ltr'>supplicantes</span> <span class='ocrx_word' id='word_1_418' title='bbox 1226 4993 1344 5059; x_wconf 89' lang='lat' dir='ltr'>devote</span> <span class='ocrx_word' id='word_1_419' title='bbox 1378 4990 1583 5073; x_wconf 90' lang='lat' dir='ltr'>presencium</span> <span class='ocrx_word' id='word_1_420' title='bbox 1617 4991 1804 5059; x_wconf 89' lang='lat' dir='ltr'>testimonio</span> 
     </span>
     <span class='ocr_line' id='line_1_41' title="bbox 142 5095 1806 5182; baseline -0.002 -15"><span class='ocrx_word' id='word_1_421' title='bbox 142 5101 332 5182; x_wconf 90' lang='lat' dir='ltr'>literarum,</span> <span class='ocrx_word' id='word_1_422' title='bbox 363 5097 608 5166; x_wconf 88' lang='lat' dir='ltr'>venerabilibus</span> <span class='ocrx_word' id='word_1_423' title='bbox 638 5095 777 5164; x_wconf 90' lang='lat' dir='ltr'>dominis</span> <span class='ocrx_word' id='word_1_424' title='bbox 807 5095 930 5165; x_wconf 89' lang='lat' dir='ltr'>uostris</span> <span class='ocrx_word' id='word_1_425' title='bbox 959 5096 1122 5164; x_wconf 89' lang='lat' dir='ltr'>iudicibus</span> <span class='ocrx_word' id='word_1_426' title='bbox 1144 5097 1451 5181; x_wconf 89' lang='lat' dir='ltr'>Moguntiuensibus</span> <span class='ocrx_word' id='word_1_427' title='bbox 1482 5099 1597 5165; x_wconf 88' lang='lat' dir='ltr'>damus</span> <span class='ocrx_word' id='word_1_428' title='bbox 1624 5099 1806 5181; x_wconf 90' lang='lat' dir='ltr'>predictam</span> 
     </span>
     <span class='ocr_line' id='line_1_42' title="bbox 142 5203 1804 5289; baseline 0 -16"><span class='ocrx_word' id='word_1_429' title='bbox 142 5203 1058 5289; x_wconf 66' lang='grc' dir='ltr'>111111111111111111111111111111ίί111111111111111111,ο</span> <span class='ocrx_word' id='word_1_430' title='bbox 1072 5223 1145 5271; x_wconf 91' lang='lat' dir='ltr'>cum</span> <span class='ocrx_word' id='word_1_431' title='bbox 1157 5203 1282 5270; x_wconf 88' lang='lat' dir='ltr'>luerint</span> <span class='ocrx_word' id='word_1_432' title='bbox 1294 5224 1314 5270; x_wconf 95' lang='grc'>1</span> <span class='ocrx_word' id='word_1_433' title='bbox 1327 5203 1484 5286; x_wconf 90' lang='lat' dir='ltr'>predictis</span> <span class='ocrx_word' id='word_1_434' title='bbox 1496 5203 1635 5271; x_wconf 89' lang='lat' dir='ltr'>dominis</span> <span class='ocrx_word' id='word_1_435' title='bbox 1645 5204 1804 5288; x_wconf 88' lang='lat' dir='ltr'>requisiti,</span> 
     </span>
     <span class='ocr_line' id='line_1_43' title="bbox 143 5308 1805 5396; baseline -0.002 -15"><span class='ocrx_word' id='word_1_436' title='bbox 143 5333 221 5381; x_wconf 91' lang='lat' dir='ltr'>cum</span> <span class='ocrx_word' id='word_1_437' title='bbox 246 5311 419 5378; x_wconf 88' lang='lat' dir='ltr'>debilitate</span> <span class='ocrx_word' id='word_1_438' title='bbox 442 5330 541 5378; x_wconf 84' lang='lat' dir='ltr'>sexus</span> <span class='ocrx_word' id='word_1_439' title='bbox 564 5318 599 5378; x_wconf 93' lang='grc'>11</span> <span class='ocrx_word' id='word_1_440' title='bbox 621 5310 722 5379; x_wconf 88' lang='lat' dir='ltr'>etatis</span> <span class='ocrx_word' id='word_1_441' title='bbox 745 5311 858 5380; x_wconf 89' lang='lat' dir='ltr'>venire</span> <span class='ocrx_word' id='word_1_442' title='bbox 880 5311 1011 5378; x_wconf 90' lang='lat' dir='ltr'>minime</span> <span class='ocrx_word' id='word_1_443' title='bbox 1034 5313 1214 5379; x_wconf 87' lang='lat' dir='ltr'>valeamus.</span> <span class='ocrx_word' id='word_1_444' title='bbox 1253 5311 1321 5378; x_wconf 92' lang='lat' dir='ltr'>Nos</span> <span class='ocrx_word' id='word_1_445' title='bbox 1340 5311 1440 5394; x_wconf 89' lang='lat' dir='ltr'>prior,</span> <span class='ocrx_word' id='word_1_446' title='bbox 1465 5308 1572 5378; x_wconf 82' lang='lat' dir='ltr'>irater</span> <span class='ocrx_word' id='word_1_447' title='bbox 1587 5312 1805 5396; x_wconf 89' lang='lat' dir='ltr'>Gyselbertus</span> 
     </span>
     <span class='ocr_line' id='line_1_44' title="bbox 140 5417 1805 5504; baseline -0.001 -17"><span class='ocrx_word' id='word_1_448' title='bbox 140 5417 311 5504; x_wconf 87' lang='lat' dir='ltr'>magister</span> <span class='ocrx_word' id='word_1_449' title='bbox 340 5421 455 5484; x_wconf 91' lang='lat' dir='ltr'>domus</span> <span class='ocrx_word' id='word_1_450' title='bbox 478 5417 587 5484; x_wconf 90' lang='lat' dir='ltr'>saneti</span> <span class='ocrx_word' id='word_1_451' title='bbox 609 5417 777 5501; x_wconf 89' lang='lat' dir='ltr'>Anthouii,</span> <span class='ocrx_word' id='word_1_452' title='bbox 802 5420 975 5485; x_wconf 85' lang='lat' dir='ltr'>Cunradus</span> <span class='ocrx_word' id='word_1_453' title='bbox 997 5424 1109 5485; x_wconf 91' lang='lat' dir='ltr'>rector</span> <span class='ocrx_word' id='word_1_454' title='bbox 1132 5417 1269 5485; x_wconf 90' lang='lat' dir='ltr'>ecclesie</span> <span class='ocrx_word' id='word_1_455' title='bbox 1284 5417 1476 5502; x_wconf 89' lang='lat' dir='ltr'>Wicnheim,</span> <span class='ocrx_word' id='word_1_456' title='bbox 1501 5419 1664 5485; x_wconf 89' lang='lat' dir='ltr'>Henricus</span> <span class='ocrx_word' id='word_1_457' title='bbox 1688 5439 1805 5502; x_wconf 89' lang='lat' dir='ltr'>prepo-</span> 
     </span>
     <span class='ocr_line' id='line_1_45' title="bbox 141 5523 1805 5609; baseline -0.001 -15"><span class='ocrx_word' id='word_1_458' title='bbox 141 5527 233 5594; x_wconf 89' lang='lat' dir='ltr'>situs</span> <span class='ocrx_word' id='word_1_459' title='bbox 263 5523 299 5590; x_wconf 94' lang='lat' dir='ltr'>in</span> <span class='ocrx_word' id='word_1_460' title='bbox 322 5523 593 5609; x_wconf 88' lang='lat' dir='ltr'>Himmelgarten,</span> <span class='ocrx_word' id='word_1_461' title='bbox 618 5532 653 5592; x_wconf 94' lang='lat' dir='ltr'>et</span> <span class='ocrx_word' id='word_1_462' title='bbox 675 5525 846 5592; x_wconf 85' lang='lat' dir='ltr'>Johannes</span> <span class='ocrx_word' id='word_1_463' title='bbox 876 5523 1109 5607; x_wconf 89' lang='lat' dir='ltr'>viceplebauus</span> <span class='ocrx_word' id='word_1_464' title='bbox 1139 5523 1173 5591; x_wconf 94' lang='lat' dir='ltr'>in</span> <span class='ocrx_word' id='word_1_465' title='bbox 1196 5523 1331 5608; x_wconf 85' lang='lat' dir='ltr'>Alceya,</span> <span class='ocrx_word' id='word_1_466' title='bbox 1357 5523 1497 5606; x_wconf 90' lang='lat' dir='ltr'>predicti</span> <span class='ocrx_word' id='word_1_467' title='bbox 1527 5527 1568 5590; x_wconf 89' lang='lat' dir='ltr'>ad</span> <span class='ocrx_word' id='word_1_468' title='bbox 1592 5545 1708 5607; x_wconf 90' lang='lat' dir='ltr'>preces</span> <span class='ocrx_word' id='word_1_469' title='bbox 1732 5545 1805 5607; x_wconf 89' lang='lat' dir='ltr'>pre-</span> 
     </span>
     <span class='ocr_line' id='line_1_46' title="bbox 141 5629 1805 5715; baseline -0.001 -15"><span class='ocrx_word' id='word_1_470' title='bbox 141 5633 314 5700; x_wconf 89' lang='lat' dir='ltr'>dictarum</span> <span class='ocrx_word' id='word_1_471' title='bbox 338 5629 541 5697; x_wconf 89' lang='lat' dir='ltr'>dominarum</span> <span class='ocrx_word' id='word_1_472' title='bbox 562 5630 763 5698; x_wconf 88' lang='lat' dir='ltr'>inclusarum</span> <span class='ocrx_word' id='word_1_473' title='bbox 786 5630 896 5715; x_wconf 91' lang='lat' dir='ltr'>sigilla</span> <span class='ocrx_word' id='word_1_474' title='bbox 919 5637 1034 5698; x_wconf 89' lang='lat' dir='ltr'>nostra</span> <span class='ocrx_word' id='word_1_475' title='bbox 1058 5629 1265 5714; x_wconf 87' lang='lat' dir='ltr'>presentibus</span> <span class='ocrx_word' id='word_1_476' title='bbox 1290 5630 1504 5714; x_wconf 89' lang='lat' dir='ltr'>appendimus</span> <span class='ocrx_word' id='word_1_477' title='bbox 1527 5630 1561 5697; x_wconf 93' lang='lat' dir='ltr'>in</span> <span class='ocrx_word' id='word_1_478' title='bbox 1584 5630 1805 5698; x_wconf 89' lang='lat' dir='ltr'>testimouium</span> 
     </span>
    </p>
   </div>
   <div class='ocr_carea' id='block_1_7' title="bbox 418 5822 1542 5880">
    <p class='ocr_par' dir='ltr' id='par_1_7' title="bbox 418 5822 1542 5880">
     <span class='ocr_line' id='line_1_47' title="bbox 418 5822 1542 5880; baseline -0.001 -13"><span class='ocrx_word' id='word_1_479' title='bbox 418 5826 444 5878; x_wconf 79' lang='lat' dir='ltr'>a)</span> <span class='ocrx_word' id='word_1_480' title='bbox 459 5822 578 5878; x_wconf 77' lang='lat' dir='ltr'>Vortupe:</span> <span class='ocrx_word' id='word_1_481' title='bbox 592 5825 764 5879; x_wconf 63' lang='lat' dir='ltr'>,pomorarlot</span> <span class='ocrx_word' id='word_1_482' title='bbox 791 5824 816 5878; x_wconf 92' lang='lat' dir='ltr'>b)</span> <span class='ocrx_word' id='word_1_483' title='bbox 830 5823 949 5878; x_wconf 63' lang='grc'><strong>17111111.-</strong></span> <span class='ocrx_word' id='word_1_484' title='bbox 963 5826 1138 5880; x_wconf 77' lang='grc' dir='ltr'>,111111111111“Ι</span> <span class='ocrx_word' id='word_1_485' title='bbox 1165 5825 1188 5872; x_wconf 85' lang='grc'>11</span> <span class='ocrx_word' id='word_1_486' title='bbox 1201 5822 1320 5878; x_wconf 74' lang='lat' dir='ltr'>Ver-lupe:</span> <span class='ocrx_word' id='word_1_487' title='bbox 1334 5825 1542 5876; x_wconf 67' lang='lat' dir='ltr'>,communitam</span> 
     </span>
    </p>
   </div>
   <div class='ocr_carea' id='block_1_8' title="bbox 0 0 2204 6384">
    <p class='ocr_par' dir='ltr' id='par_1_8' title="bbox 0 0 2204 6384">
     <span class='ocr_line' id='line_1_48' title="bbox 0 0 2204 6384; baseline 0 4"><span class='ocrx_word' id='word_1_488' title='bbox 0 0 2204 6384; x_wconf 95' lang='lat' dir='ltr'> </span> 
     </span>
    </p>
   </div>
  </div>
 </body>
</html>
