4400 6384
397 291 441 356 ῃ
1047 281 1399 339 m-mmm

397 490 550 566 quartam
574 489 702 565 partem
726 481 815 548 curie
845 481 963 548 ibidem
998 499 1056 563 pro
1088 484 1229 562 quadam
1261 498 1387 548 summa
1418 480 1565 562 pecunie,
1599 499 1695 562 qnam
1728 481 1832 546 abbas
1864 486 1899 547 et
1930 479 2054 547 iratres
2150 540 2151 543 ,

397 592 542 658 eiusdem
571 587 764 657 monasterii
792 588 889 656 nobis
914 587 1123 672 integraliter
1153 587 1392 670 persolverunt.
1439 588 1492 654 Ad
1522 587 1615 654 cuius
1644 587 1693 654 rei
1722 586 1885 654 cautelam
1915 595 1952 653 et
1982 607 2053 654 con-
2150 612 2151 651 1

397 696 614 764 firmationem
644 701 829 779 presentem
860 695 1026 762 scedulam
1050 693 1222 776 conscribi,
1254 700 1359 760 testes
1388 693 1552 776 annotari,
1584 693 1691 779 sigillo
1722 693 1859 761 ecclesie
1882 695 2054 760 Franken·
2150 700 2151 771 ζ

399 801 564 870 fordensis
596 822 722 870 necnon
755 808 788 868 et
821 800 1032 886 burgensium
1063 800 1312 884 impetravimus
1345 800 1544 867 communiri.
1600 801 1707 867 Huius
1739 801 1789 867 rei
1821 807 1926 868 testes
1962 808 2052 866 sunt:
2150 826 2151 833 ¹

398 910 621 978 uoueseeleus
656 912 809 992 decanus,
845 909 1011 993 Nycolaus
1048 916 1169 993 custos,
1206 907 1378 975 cunradus
1413 905 1531 990 Rufus,
1571 905 1772 976 Godeiridus
1805 906 2052 990 parrochianus.

398 1017 578 1083 Reinoldus
602 1015 769 1097 diaconus,
794 1016 1007 1082 Burchardus
1031 1019 1196 1097 sacerdos,
1229 1014 1379 1081 canonici
1408 1014 1552 1081 eiusdem
1583 1014 1737 1096 ecclesie;
1771 1013 1865 1080 laici:
1896 1013 2055 1096 Ripertus

399 1123 585 1207 scultetus,¹
608 1125 632 1190 J
633 1123 778 1189 ohannes
801 1122 887 1189 lilius
911 1121 1075 1204 advocati,
1093 1121 1297 1188 Hartmddus
1313 1122 1442 1202 Bresto,
1460 1121 1630 1189 Johannes
1647 1121 1823 1202 Goltstein,
1840 1120 2055 1187 Baldemarus

399 1233 439 1296 de
468 1230 600 1296 Summa
623 1229 732 1312 Curia,
768 1229 899 1297 Ulricus
932 1229 1098 1312 Carnifex,
1133 1230 1343 1297 Gnndramns
1375 1229 1523 1312 Hunger,
1555 1228 1732 1294 Bertoldus
1763 1227 1849 1294 filins
1877 1228 2054 1310 Harperni

399 1336 581 1420 Wigandus
616 1339 656 1402 de
690 1337 913 1418 Ascheburne,
949 1333 1120 1403 Cinradns
1154 1334 1357 1418 Knibelouh,
1392 1343 1427 1401 et
1460 1335 1518 1402 alii
1551 1355 1649 1418 quam
1683 1336 1809 1417 plnres;
1846 1335 2055 1400 Hermannus
2150 1414 2151 1421 ἵ

399 1443 590 1510 cellerarius
613 1449 647 1510 ct
669 1443 865 1527 Harpernus
887 1443 1039 1512 monachi
1061 1443 1095 1510 in
1119 1444 1303 1527 Arnsbnrg.

616 1583 661 1640 Or.
675 1586 763 1654 Ppmt.
792 1585 848 1639 Dr'c
865 1583 953 1654 stepo
971 1585 1017 1640 deo
1036 1584 1326 1650 Bartholomduostifts
1345 1587 1387 1654 (1)
1406 1585 1466 1640 uod
1483 1584 1532 1639 der
1549 1583 1631 1638 stadt
1644 1585 1684 1651 (1)
1702 1583 1768 1638 sind
1785 1583 1948 1653 beataum
1980 1583 2054 1636 nial.
2150 1632 2151 1657 ,

614 1672 714 1729 dede.-
732 1674 777 1742 B.,
796 1677 839 1738 48,
859 1673 977 1742 Reimer,
995 1675 1021 1743 l,
1041 1678 1101 1744 129,
1122 1675 1196 1728 beidc
1214 1675 1285 1729 Μελ
1302 1675 1362 1728 dem
1382 1674 1428 1728 Or.
1449 1713 1456 1728 .
1475 1674 1597 1744 Regnat:
1619 1672 1720 1727 Amb.
1738 1672 1830 1740 Urso,
1848 1675 1910 1726 202.
1930 1672 2057 1742 Amne.-

669 1763 793 1832 lbomoa,
816 1763 941 1830 Obcrbos,
960 1767 1021 1818 433.

618 1852 712 1907 Vera:
731 1850 838 1920 Scriba
857 1851 900 1919 11,
921 1853 974 1906 No.
990 1855 1068 1907 3255.

400 2076 466 2152 80.
490 2084 632 2164 Bertold,
656 2084 787 2168 Bic‘rper
811 2107 870 2150 ooo
884 2083 1079 2167 Fronkftot,
1105 2087 1304 2162 beurbroulet,
1328 2085 1406 2150 does
1429 2107 1463 2150 er
1485 2085 1555 2149 dero
1570 2083 1702 2149 Klostcr
1716 2085 1890 2168 Arnsbnrp
1904 2089 2058 2168 peccante
2150 2128 2151 2147 r

492 2191 592 2256 Giiter
615 2194 649 2255 irc
671 2190 706 2255 F
705 2192 872 2270 cambach,
897 2191 1069 2276 Bcrpbcim
1092 2192 1158 2255 uod
1181 2192 1309 2276 Bcryco
1334 2191 1480 2273 certensi
1501 2193 1589 2258 habe.
1638 2193 1768 2275 (1226)

509 2333 582 2418 Ego
595 2333 771 2400 Bertoldns
795 2333 968 2416 burgensis
992 2337 1032 2400 de
1045 2335 1280 2401 Frankenvort
1302 2333 1584 2416 filiusHartperni
1606 2340 1638 2400 et
1662 2331 1801 2399 Petirse.
1840 2333 1962 2398 Notum
1987 2353 2055 2398 esse

402 2438 497 2523 cupio
520 2438 713 2513 univerllsis
736 2441 798 2507 hoc
823 2440 981 2524 scriptum
1004 2440 1264 2524 inspicientibus
1289 2443 1375 2523 quod
1399 2461 1459 2525 ego
1484 2446 1518 2507 et
1540 2459 1624 2506 uxor
1646 2458 1720 2505 mea
1736 2439 1903 2506 Gerhildis
1919 2440 2056 2506 collecta

402 2564 500 2612 manu
533 2553 567 2612 et
600 2565 760 2612 consensu
792 2546 866 2629 pari
879 2546 904 2620 lt
926 2545 1131 2614 vendidimus
1164 2547 1363 2615 monasterio
1396 2549 1436 2614 de
1459 2547 1650 2612 Arnesburc
1674 2544 1902 2612 cisterciensis
1934 2546 2056 2612 ordinis

403 2660 508 2720 totum
532 2651 685 2719 allodium
708 2660 865 2735 nostrum,
897 2656 982 2735 quod
1006 2653 1040 2721 in
1063 2655 1217 2720 Furbach
1242 2653 1454 2736 hallbuimus,
1479 2653 1632 2721 videlicet
1655 2656 1803 2719 mansum
1826 2673 1935 2732 unum,
1969 2652 2055 2718 etin

402 2759 573 2827 Bercheim
597 2778 745 2825 mansum
767 2779 876 2842 unum,
908 2766 941 2826 et
976 2767 1151 2843 quartam·
1176 2767 1304 2843 partem
1337 2760 1426 2826 curie
1457 2761 1492 2827 in
1514 2761 1656 2843 Berge·
1679 2778 1738 2841 pro
1762 2762 1903 2841 quadarn
1933 2777 2056 2825 summa

404 2865 539 2949 pecunie
564 2871 597 2932 et
621 2865 807 2947 quantitate
832 2885 969 2946 annone,
995 2886 1092 2949 quam
1117 2869 1221 2933 abbas
1244 2875 1277 2934 et
1298 2865 1421 2933 iratres
1438 2867 1581 2933 eiusdem
1597 2865 1788 2933 monasterii
1804 2865 1897 2933 nobis
1912 2865 2056 2948 integra·

402 2973 479 3039 liter
513 2973 751 3055 persolverunt.
798 2976 851 3040 Ad
886 2973 978 3040 cuius
1013 2972 1060 3040 rei
1095 2975 1259 3041 cautelam
1293 2981 1327 3040 et
1361 2972 1637 3071 confirmationem
1673 2981 1859 3055 presentem
1893 2972 2056 3038 scedulam

404 3078 582 3161 conscribi,
633 3085 736 3146 testes
770 3080 940 3162 annotari,
983 3080 1098 3164 sigillis
1138 3080 1274 3147 ecclesie
1315 3079 1645 3147 Frankenvordensis
1684 3099 1810 3146 necnon
1847 3080 2056 3163 burgensium
2150 3154 2151 3173 χ

403 3185 650 3268 impetravimus
686 3185 884 3253 communiri.
933 3188 1051 3254 Testes
1085 3186 1181 3254 huius
1216 3187 1266 3253 rei
1299 3195 1392 3254 sunt:
1429 3189 1600 3254 Corradus
1635 3188 1750 3263 abbas,
1787 3187 1922 3254 Gebeno
1958 3186 2054 3268 prior.
2150 3190 2151 3259 ζ

402 3291 601 3376 Peregrinus
639 3292 805 3375 supprior,
845 3291 952 3359 irater
986 3295 1211 3376 Hartpcrnos,
1250 3294 1459 3360 Hcmnannus
1497 3293 1704 3374 cellerarius,
1744 3293 1920 3359 Heinricus
1954 3293 2056 3358 minor
2150 3286 2151 3293 '

404 3397 603 3480 cellerarius
636 3397 743 3465 frater
767 3398 982 3480 Giselbertus,
1015 3397 1122 3466 frater
1145 3397 1309 3466 Rudolfus
1333 3401 1440 3466 Sutor.
1488 3401 1527 3466 In
1551 3401 1802 3466 Frankenvort:
1834 3398 2055 3466 Godescalcus

404 3507 557 3587 decanus,
597 3504 752 3572 Nicolaus
793 3512 913 3586 custos,
953 3508 1124 3572 Cunradus
1163 3504 1281 3588 Rufus
1323 3505 1522 3574 Godelridus
1560 3505 1807 3588 parrochianus
1835 3505 2054 3570 Barchardus.
2150 3532 2151 3591 ῃ

404 3611 569 3694 canonici;
586 3612 678 3678 laici:
696 3613 855 3695 Ripertus
872 3612 1040 3694 scultetus,
1058 3615 1081 3679 J
1083 3613 1229 3679 ohannes
1244 3613 1329 3678 tilius
1346 3614 1509 3694 advocati,
1526 3614 1731 3678 Hartmudus
1743 3612 1871 3692 Bresto,
1889 3613 1913 3677 J
1914 3611 2055 3678 ohannes
2150 3612 2151 3653 Τ

404 3717 580 3800 Goltstein,
598 3719 824 3801 Baldcmarus,
842 3719 973 3786 Ulricus
986 3717 1152 3800 Carnifex,
1171 3721 1406 3787 Guntrammus
1418 3721 1565 3803 Hunger,
1582 3719 1766 3803 Wigandus
1782 3721 1821 3784 de
1833 3719 2054 3787 Asecbnrnen.
2150 3732 2151 3795 l

405 3825 576 3891 Ounradus
600 3825 810 3908 Knobeloich,
836 3833 869 3892 et
893 3825 949 3892 alii
972 3846 1068 3908 quarn
1093 3825 1213 3909 plures.

619 3965 665 4023 Or.
679 3967 766 4036 Ppmt.
797 3967 970 4037 Anlrdnpend
987 3967 1151 4037 Stislcaiepel
1169 3968 1209 4033 (1)
1228 3967 1288 4021 aad
1304 3967 1467 4037 Stodtcicpcl
1486 3970 1537 4033 (1),
1556 3965 1607 4021 dua
1626 3973 1695 4022 crate
1711 3966 1880 4021 aerbrocben.
1917 3966 1995 4020 Laco.
2150 4028 2151 4035 ἵ

618 4055 717 4109 Gedra
737 4055 781 4123 B,
797 4059 839 4123 49,
859 4056 968 4110 Reimea·
987 4057 1012 4122 I,
1033 4059 1092 4122 130,
1113 4056 1187 4109 bade
1205 4056 1275 4109 narb
1293 4056 1352 4109 dem
1373 4056 1419 4110 (lr.
1440 4098 1446 4108 .
1466 4057 1589 4126 Repert:
1614 4057 1714 4110 Arnen.
1732 4055 1823 4124 Urlcb,
1842 4059 1903 4109 202.
1932 4055 2058 4122 Arcamo:

673 4143 798 4212 ibamus,
820 4143 946 4211 Oberbof,
965 4149 1018 4198 433

622 4232 691 4287 Vera
707 4251 716 4285 :
733 4231 831 4287 Scribo
849 4232 893 4301 ΙΙ,
914 4233 965 4288 Νο.
980 4236 1057 4288 3254.

404 4454 469 4531 81.
494 4467 686 4532 Scholtbcc'ss
718 4465 870 4531 Ebcrcoc'rt
902 4467 967 4530 ccod
998 4467 1048 4530 dic
1079 4465 1211 4548 Bir'rpcr
1242 4487 1301 4529 ron
1328 4465 1362 4528 F
1362 4467 1512 4548 ranifoni
1543 4469 1684 4532 criassus
1715 4470 1780 4550 olef
1807 4467 1976 4533 Ersucheo
2007 4469 2057 4532 dre

493 4564 667 4628 rdmt'scbcrt
690 4563 828 4648 Kb'rtc'ys,
853 4565 909 4628 der
932 4563 1078 4647 Kb'oipio
1101 4565 1167 4627 aaut
1190 4564 1245 4627 des
1269 4563 1378 4627 Herrrt
1403 4564 1539 4630 Gerlach
1565 4588 1623 4629 roo
1645 4565 1819 4651 Biidinyen
1840 4567 1909 4630 door
1930 4565 2058 4631 Klostrr

492 4669 605 4736 Halon
627 4672 688 4736 dcet
712 4671 791 4736 Zios
813 4673 916 4736 ‹ircicr
937 4670 1075 4753 Pfrcrtde,
1101 4671 1234 4734 cuelcio-n
1256 4671 1399 4735 dosseibr
1424 4693 1481 4736 roo
1503 4673 1573 4735 dero
1599 4673 1692 4738 lisold
1717 4673 1781 4736 cerui
1804 4674 1860 4737 der
1886 4673 1991 4737 Wet'dc
2015 4674 2058 4737 bo·
2150 4704 2151 4709 κ

492 4778 561 4841 doro
585 4778 774 4860 Ricderbosc
798 4779 883 4843 iicrcr
906 4779 997 4842 stadt
1014 4778 1158 4858 jr'ibrlr'clc
1181 4777 1326 4861 schnldiy
1349 4800 1428 4842 ‘rr-or.
1477 4783 1567 4842 1227
1586 4779 1660 4843 clarii
1683 4785 1735 4842 31.

510 4918 707 4985 Ebervvinus
732 4919 891 4985 scultetus
916 4939 987 4984 curn
1011 4918 1229 4986 universitate
1253 4918 1372 4986 civium
1396 4921 1436 4985 de
1452 4918 1695 4986 Frankeniord.
1735 4919 1909 4988 Universis
1925 4939 2057 5004 presens

405 5025 565 5108 scriptum
587 5025 825 5108 inspectullris.
871 5025 1033 5111 Quoniam
1055 5025 1124 5092 vite
1148 5026 1311 5108 presentis
1335 5034 1621 5108 quantumcunque
1645 5027 1787 5094 discrete
1810 5028 1893 5094 fiant
1916 5029 2055 5110 negotia,

404 5131 468 5198 nisi
503 5131 626 5216 scripto
662 5133 917 5214 committantur,
954 5131 1172 5198 diuturnitate
1197 5131 1221 5205 ll
1247 5133 1404 5215 temporis
1439 5133 1601 5200 oblivione
1636 5142 1837 5201 novercante
1873 5135 2057 5217 plerumque

405 5247 646 5306 consueverunt
668 5238 804 5323 irritari,
830 5239 976 5322 presenti
999 5239 1119 5322 pagine
1143 5238 1346 5305 decrevimus
1369 5239 1524 5323 inserere,
1547 5240 1572 5315 ll
1596 5242 1682 5324 quod
1705 5261 1764 5307 nos
1795 5244 1838 5307 ad
1867 5241 2056 5324 peticionem

670 5471 695 5522 a)
709 5471 747 5522 „et
756 5491 777 5502 -
787 5467 878 5523 Berge“
892 5468 951 5512 tiber
965 5467 1009 5514 der
1023 5467 1091 5512 Zeile
1105 5480 1150 5512 oon
1160 5467 1270 5522 pleicler
1282 5468 1367 5512 Hand.

458 5645 616 5701 ¹Ribertus
635 5646 786 5717 (Ripertus)
813 5647 948 5702 scultetus
977 5647 1010 5702 de
1035 5647 1206 5701 Francevnrt
1258 5649 1367 5702 lunden
1379 5647 1710 5713 lbrdaneutacbordeo
1725 5655 1854 5722 pescant.
1884 5648 2056 5715 (Warttemb.
2150 5662 2151 5691 ὲ

403 5735 620 5808 (Franchewort)
646 5736 717 5792 wird
736 5741 806 5791 1226
830 5739 872 5791 ala
896 5737 986 5807 Zevpe
1010 5738 1041 5792 io
1065 5737 1131 5792 zwei
1153 5736 1204 5792 Ur·
1263 5736 1608 5806 Urko.,111,189‚19o)
