4400 6384
705 322 773 376 1250
792 322 869 376 bibra
891 322 923 375 16
943 353 975 362 —
996 323 1066 376 1250
1085 322 1202 377 October
1220 323 1244 376 4.
1759 325 1799 388 77

146 526 181 584 et
204 526 305 586 metet
335 519 438 586 vitam
466 527 622 586 eternam.
671 522 749 586 Oum
782 519 884 602 igitur
916 519 1028 586 dilecti
1059 519 1153 585 nobis
1185 518 1309 586 iratres
1341 520 1375 588 in
1399 521 1529 586 (bristo
1553 520 1802 587 predicatorum

146 627 271 693 ordinis
296 629 336 693 ad
361 629 422 692 hoc
446 627 479 692 in
503 627 601 694 vinea
616 628 698 692 Jesu
715 625 837 692 (bristi
853 627 920 692 sint
936 627 1044 709 positi,
1069 634 1107 692 ut
1122 626 1266 693 fructum
1283 628 1400 693 salutis
1417 608 1598 694 animarum
1614 635 1801 709 procurent,

146 741 181 800 et
203 734 294 816 ipsos
319 737 359 801 ad
384 735 417 800 id
441 734 580 801 sollicite
596 734 766 800 intendere
782 733 960 815 videamus
986 733 1155 816 cupientes
1172 753 1228 800 eos
1244 738 1286 800 ad
1302 736 1363 800 hoc
1378 734 1482 801 modis
1499 734 1615 815 quibus
1631 753 1803 816 possumus

147 859 349 924 promovere,
373 841 624 910 universitatem
641 847 786 906 vestram
802 859 968 907 monemus
985 847 1018 905 et
1034 842 1205 906 hortamur
1219 841 1253 906 in
1270 841 1398 907 domino
1415 848 1514 923 atque
1530 841 1564 907 in
1580 840 1804 907 remissionem

146 948 241 1016 vobis
270 947 469 1031 iniungimus
492 954 710 1030 peccatorum,
744 946 907 1027 quatinus
940 966 1012 1012 cum
1037 950 1081 1013 ad
1107 967 1168 1015 vos
1191 947 1438 1026 declinaverint,
1469 948 1559 1030 ipsos
1589 947 1739 1014 hilariter
1769 955 1804 1014 et

145 1054 288 1138 benigne
312 1054 538 1136 suscipientes,
562 1053 750 1120 salubribus
774 1072 884 1120 eorum
907 1053 1039 1120 monitis
1063 1072 1135 1119 curn
1159 1053 1271 1120 debita
1294 1055 1482 1121 reverentia
1504 1053 1685 1121 intendatis
1701 1061 1801 1136 atque

147 1160 320 1228 ecclesium
351 1163 525 1228 eorundem
554 1161 588 1226 in
616 1162 862 1240 Frankenuurt,
900 1163 941 1226 ad
972 1162 1128 1227 honorem
1157 1163 1254 1227 beate
1277 1161 1384 1228 hlarie
1406 1161 1544 1246 virginis
1568 1168 1801 1243 constructam,

145 1265 301 1336 infestis
325 1268 469 1334 eiusdem
492 1275 525 1333 et
549 1267 582 1333 in
606 1265 701 1334 lestis
725 1267 896 1334 beatorum
920 1268 1143 1351 apostolorum
1165 1267 1257 1334 Petri
1280 1275 1314 1335 et
1329 1268 1432 1350 Pauli,
1457 1268 1636 1352 Augustini
1659 1268 1804 1351 episcopi

146 1395 187 1440 ac
211 1372 374 1441 Dominici
397 1372 595 1440 confessoris
619 1381 653 1440 et
676 1374 709 1439 in
733 1372 819 1441 festo
847 1373 1062 1442 dedicationis
1092 1374 1237 1441 eiusdem
1267 1375 1403 1441 ecclesie
1433 1395 1506 1441 cum
1536 1375 1712 1442 devocione
1742 1378 1802 1441 deo

146 1481 272 1563 placita
295 1481 446 1549 visitetis
484 1482 551 1546 Nos
575 1480 660 1547 enim
684 1484 723 1547 de
746 1481 971 1548 misericordia
994 1481 1046 1546 dei
1070 1488 1104 1547 et
1126 1483 1297 1548 beatorum
1313 1481 1405 1547 Petri
1421 1488 1454 1547 et
1469 1482 1564 1548 Pauli
1580 1482 1802 1564 apostolorum

145 1587 217 1654 eius
249 1588 448 1655 auctoritate
479 1587 601 1670 conlisi,
634 1587 792 1670 omnibus,
825 1587 881 1669 qui
906 1591 948 1654 ad
980 1587 1163 1670 predictam
1194 1588 1364 1655 ecclesiam
1394 1588 1428 1654 in
1458 1588 1647 1655 memoratis
1675 1587 1804 1656 testivi-

145 1695 275 1762 tatibus
309 1715 411 1760 causa
441 1695 624 1762 devotionis
654 1695 864 1777 accesserint,
901 1694 963 1759 XL
981 1695 1059 1776 dies,
1097 1701 1130 1760 et
1160 1695 1235 1777 illis,
1272 1695 1327 1777 qui
1358 1697 1399 1762 ad
1431 1694 1635 1778 prefatorum
1661 1693 1802 1761 fratrum

145 1801 408 1884 predicacionem
432 1801 654 1884 convenerint,
685 1802 755 1867 XX
779 1801 848 1867 dies
879 1805 918 1868 de
948 1801 1097 1868 iniuncta
1128 1801 1192 1867 sibi
1221 1802 1408 1883 penitencia
1436 1802 1632 1869 relaxamus.
1680 1802 1803 1868 Datum

145 1929 234 1974 anno
259 1907 379 1975 domini
398 1887 441 1974 il.
467 1889 528 1975 Oil.
556 1889 680 1975 xnril.

364 2051 410 2106 Or.
423 2051 510 2121 Ppmt
530 2050 618 2121 Siepel
636 2052 797 2122 ubyeriesen.
836 2051 878 2107 St.
892 2053 926 2105 A.
942 2052 993 2105 Fr.
1013 2051 1215 2106 Dmuioilroner
1232 2052 1296 2105 Urlr.
1316 2052 1370 2106 No.
1384 2055 1407 2104 6.

363 2139 460 2194 deda:
478 2141 521 2206 B,
534 2144 571 2194 82
588 2141 658 2194 rrucb
676 2141 735 2194 deu
751 2140 796 2194 Or.
825 2139 967 2206 Absclrrist
985 2141 1016 2193 in
1034 2139 1163 2209 Jacpria,
1183 2140 1247 2195 Ood.
1261 2141 1335 2194 Prob
1345 2181 1352 2208 ‚
1364 2144 1401 2195 29
1418 2141 1491 2208 im'p
1508 2157 1543 2194 ru
1556 2143 1626 2194 1299
1634 2143 1677 2209 (!),
1695 2141 1803 2194 duaoclr

415 2229 508 2283 eberiso
527 2227 750 2284 Εὔνηον-30000·
767 2229 805 2282 r'm
826 2229 876 2282 Fr.
889 2229 981 2295 Areia,
1000 2228 1048 2296 Vr,
1069 2232 1129 2282 159.

144 2534 240 2608 154.
262 2541 326 2606 Die
348 2543 440 2607 Sindi
466 2544 654 2624 Oppreuheim
679 2542 837 2620 bellendet,
868 2542 946 2606 ‹lerss
975 2542 1035 2606 dus
1059 2541 1191 2606 Kloster
1213 2541 1391 2606 llberrslorll
1420 2545 1526 2605 selaeu
1553 2540 1627 2622 Hos
1655 2544 1688 2605 in
1716 2541 1802 2606 Ruu-

263 2649 384 2714 lruusea
401 2649 603 2734 (Rietbusen)
628 2671 671 2714 un
694 2650 754 2713 dus
770 2647 902 2713 Kloster
916 2648 1083 2712 Eberhard
1099 2647 1247 2730 'verbumst
1262 2649 1328 2712 iuml
1343 2649 1458 2712 diesem
1477 2655 1607 2730 ,coram
1621 2649 1802 2714 reverendo

265 2754 392 2822 domino
426 2756 460 2821 O.
495 2754 548 2820 dei
579 2755 690 2838 gratia
722 2753 969 2836 archiepiscopo
1001 2753 1196 2838 Magnntino
1230 2761 1264 2820 et
1297 2773 1408 2820 coram
1440 2752 1614 2834 sculteto,¹
1647 2752 1801 2834 scabinis,

263 2860 420 2928 militibus
444 2869 478 2927 et
502 2860 628 2928 civibus
651 2860 685 2926 in
701 2860 953 2928 Frenkenvort“
981 2861 1159 2945 llbereipnet
1181 2862 1268 2925 habe.
1306 2867 1392 2926 1250
1409 2861 1508 2925 Mdv-r
1524 2867 1567 2925 16
1591 2860 1725 2943 (XVII.
1739 2861 1801 2924 lul.

264 2970 403 3053 aprilis).

364 3108 410 3163 Or.
424 3108 512 3179 Pyml.
531 3109 571 3164 St.
586 3110 619 3164 A.
634 3110 806 3164 Domnsludt.

363 3198 463 3253 Gedr:
481 3199 584 3264 auser,
603 3199 703 3253 Eherb.
721 3198 812 3264 Urlrb,
831 3198 857 3266 Ι,
875 3201 929 3253 263
947 3216 974 3252 u.
993 3198 1036 3264 ΙΙ,
1057 3202 1098 3252 16.
1136 3197 1264 3267 Aureus.-
1281 3199 1371 3267 Bour,
1390 3197 1469 3252 Here.
1487 3198 1577 3265 Ureu,
1596 3198 1622 3266 I,
1639 3201 1683 3252 21.

144 3512 240 3586 155.
265 3519 381 3601 Propst
402 3520 520 3585 Walter
542 3521 608 3584 rieul
631 3521 691 3585 dus
716 3519 836 3602 O'upitel
858 3542 899 3585 ru
915 3519 1090 3586 ilbenstodt
1115 3522 1274 3586 bellendem
1296 3521 1357 3585 dea
1376 3520 1522 3602 Verlcouf
1542 3522 1626 3586 ibres
1642 3520 1746 3602 Hoses
1769 3524 1804 3584 in

263 3626 457 3692 Rictbuusmc
481 3627 688 3711 (barrasson)
722 3649 765 3692 un
796 3629 856 3692 dos
889 3627 1020 3692 Klostcr
1050 3627 1228 3692 Ebcrbocl.
1282 3626 1378 3692 Umer-
1408 3629 1468 3692 den
1497 3629 1672 3693 Servitutea
1703 3629 1803 3692 dieses

267 3733 369 3813 Hofes
393 3735 474 3798 urird
497 3735 655 3799 eruodhut:
682 3733 850 3818 ,Sculteto
876 3736 915 3799 de
935 3734 1172 3800 Frankenvort
1195 3733 1290 3799 unnis
1309 3732 1446 3817 singulis
1466 3732 1560 3800 einen
1576 3735 1642 3799 Ber
1657 3739 1691 3799 et
1705 3735 1803 3799 botas

265 3846 416 3922 quatuor,
439 3849 477 3906 ut
493 3859 652 3922 personas
668 3847 702 3906 et
717 3860 772 3907 res
787 3840 821 3906 in
838 3843 950 3906 eadem
965 3840 1058 3906 curia
1074 3841 1201 3922 positas
1218 3838 1380 3906 efficacius
1396 3840 1559 3906 tueatur.“
1594 3846 1680 3906 1250
1693 3840 1801 3905 More.

363 3981 445 4036 θεᾶν.
465 3981 535 4036 nacb
553 3981 613 4035 deun
634 3981 679 4035 Or.
694 3981 781 4052 Ppmt
801 3983 839 4036 im
857 3981 896 4036 St.
907 3983 941 4036 A.
956 3982 1138 4037 Damnstodt:
1163 3980 1341 4047 Batradites.
1359 3981 1450 4049 oron,
1469 3982 1552 4050 tro.
1581 3981 1684 4050 Romel,
1702 3981 1802 4036 Eberb.

419 4069 565 4137 oreo.,11,
576 4074 617 4123 14.
652 4070 809 4140 Verplicben
826 4071 875 4126 mil
893 4071 953 4125 dein
974 4071 1020 4126 Or.
1039 4072 1126 4126 durch
1145 4071 1302 4138 Grotcfead.

362 4159 422 4213 Der
439 4158 602 4214 Sebultbeiss
621 4175 673 4214 ooo
691 4159 852 4228 Fronlrfurt
870 4161 1006 4228 beeiepelte
1024 4162 1094 4215 auct
1112 4162 1171 4215 eine
1190 4160 1247 4227 aas
1259 4161 1350 4215 dicam
1367 4159 1495 4226 Verkouf
1509 4159 1659 4231 bmtpltcbe
1675 4158 1804 4213 llrlrundc

415 4248 461 4303 des
488 4248 613 4304 Klosters
639 4249 801 4304 Ilbenatodt.
840 4251 910 4304 1250
927 4263 950 4302 o.
966 4249 995 4303 T.
1025 4249 1138 4315 (Gedr.:
1164 4250 1255 4317 Bour,
1282 4249 1308 4317 1,
1334 4251 1378 4317 21,
1406 4249 1477 4303 narb
1503 4249 1562 4303 dem
1592 4248 1638 4304 Or.
1650 4248 1737 4319 Ppmt.
1765 4248 1803 4301 im

415 4335 499 4392 011.
514 4338 700 4404 Dommudt.)

142 4640 239 4718 156.
263 4650 426 4730 Bmdbolrl,
453 4650 545 4732 Gras
564 4672 625 4715 oon
649 4650 851 4734 Ziepeabuin,
877 4651 995 4716 belebat
1017 4651 1077 4716 den
1100 4652 1332 4717 Sclrultbeissen
1357 4652 1515 4735 Wolfrom
1537 4674 1598 4718 ooo
1620 4651 1805 4735 Fronlrfurt

263 4757 330 4820 und
352 4757 463 4822 desseu
478 4757 609 4822 Brildcr
632 4758 747 4822 erblich
770 4762 825 4822 erait
848 4758 908 4822 deu
930 4759 1030 4823 doureh
1053 4759 1114 4823 den
1130 4759 1160 4822 Τ
1159 4760 1199 4823 od
1216 4761 1271 4824 <les
1286 4759 1406 4825 Ritters
1422 4761 1513 4826 Stolo
1528 4763 1564 4824 ia
1577 4759 1695 4825 Ecbrel
1710 4761 1804 4825 iliaca

263 4863 483 4947 rrrpesolleaen
508 4864 639 4929 Griteru.
688 4869 775 4929 1250
802 4866 930 4932 October
953 4870 983 4928 4.

256 5006 454 5072 Bertholdus
478 5025 585 5073 comes
609 5009 648 5073 de
665 5009 896 5091 Gygenhagen.
936 5007 1108 5074 Universis
1132 5028 1268 5091 presens
1292 5009 1450 5091 scriptum
1471 5008 1675 5075 intuentibus
1691 5018 1804 5077 notum

142 5132 221 5180 esse
245 5112 403 5194 volumus,
430 5116 516 5195 quod
531 5112 751 5180 Wolteramus
776 5111 966 5188 scullltetus
990 5118 1029 5181 de
1046 5116 1303 5184 Frankenvorth
1326 5137 1394 5183 una
1417 5135 1490 5182 cum
1506 5115 1574 5182 suis
1590 5117 1804 5183 coheredibus

141 5219 231 5287 talia
262 5221 359 5302 bona,
393 5227 491 5302 prout
522 5222 563 5286 ad
591 5219 680 5302 ipsos
705 5223 744 5286 de
776 5228 880 5288 morte
904 5221 1054 5288 Sickonis
1086 5221 1201 5288 militis
1223 5223 1258 5288 in
1273 5221 1296 5296 ll
1315 5223 1469 5289 Echezile
1501 5222 1572 5289 iure
1604 5223 1803 5289 hereditario

139 5325 307 5410 legittime
320 5326 536 5393 dinoscuntur
559 5346 631 5393 esse
655 5327 819 5409 devoluta,
845 5331 888 5394 ad
911 5335 1044 5394 nostras
1067 5349 1183 5395 manus
1200 5350 1239 5396 ac
1255 5331 1410 5396 heredum
1425 5334 1612 5416 nostrorum
1628 5329 1804 5398 efficaciter

142 5431 400 5515 resigllnarunt.
449 5435 542 5518 Quod
573 5441 683 5500 autem
714 5433 870 5517 predictis
894 5434 944 5500 W.
978 5441 1011 5500 et
1042 5435 1110 5500 suis
1140 5433 1317 5518 iratribuS,
1350 5439 1509 5502 bonorum
1541 5435 1804 5518 supradictorum

141 5537 319 5622 legittimis
343 5539 516 5606 heredibus
544 5539 771 5622 existentibus,
806 5560 866 5606 nec
899 5561 962 5607 non
995 5541 1240 5608 successoribus
1273 5546 1466 5624 eorumdem,
1501 5549 1567 5608 tam
1599 5542 1675 5608 liliis
1708 5563 1804 5624 quam

205 5769 213 5801 ¹
238 5768 296 5838 1¹91.
317 5771 386 5823 atreb
405 5770 494 5837 Buur,
513 5771 529 5824 l.
543 5786 574 5837 c,
592 5773 635 5825 22.
