4400 6384
784 344 852 399 inae
871 343 928 399 nar
946 344 981 398 88
1000 374 1033 384 -
1052 344 1123 399 ress
1141 344 1208 400 uun
1226 346 1251 400 8,
1776 349 1841 413 263

191 540 333 607 omnium
360 539 601 621 premissorum,
627 559 686 623 ego
703 540 867 606 Volradus
891 540 1051 605 scultetus
1075 539 1284 622 supradictus
1308 544 1350 606 ad
1373 548 1526 624 rogatum
1548 541 1715 623 sepedicte
1738 543 1842 608 Grete

191 653 225 713 et
254 646 396 712 fratrum
426 650 698 728 prenotatorumz
722 645 863 729 sigillum
893 665 998 711 meum
1030 645 1109 711 duxi
1137 646 1345 727 presentibus
1376 648 1613 728 apponendum.
1665 648 1785 712 Actum
1808 653 1842 713 et

191 756 305 819 datum
334 758 412 817 ante
443 754 573 817 domum
604 750 731 817 consilii
753 751 1128 832 88881888888888818,Μ
1157 771 1242 817 anno
1273 751 1394 819 domini
1422 753 1464 818 rh.
1486 746 1528 818 ob.
1549 732 1779 835 lelXVIiI,
1807 752 1842 818 in

190 857 242 924 die
265 858 374 925 sancti
396 856 533 924 Urbani.

405 999 451 1054 Or.
465 998 554 1067 Ppmt.
598 998 660 1061 Des
692 999 868 1067 obhonpeude
896 998 983 1069 Siepel
1007 999 1043 1053 ist
1068 1016 1114 1053 am
1138 1001 1244 1054 rechten
1263 1000 1362 1053 Raude
1387 1000 1548 1068 heschdcle'pt.
1598 1000 1844 1066 Rachousschrr'st:

457 1086 548 1156 ,Cella
566 1086 862 1141 Franlronvordensie“.
899 1087 976 1142 recu.

390 1176 504 1259 Gella:
521 1178 566 1245 B,
583 1178 645 1244 236,
668 1189 716 1245 ,ex
734 1174 812 1243 copia
830 1174 1040 1244 Fichardiana“,
1064 1176 1185 1245 celaret,
1211 1177 1256 1230 die
1274 1177 1331 1241 auf
1344 1178 1403 1231 eine
1420 1178 1512 1231 eweite
1530 1176 1738 1248 Areefertipunp,
1760 1178 1842 1231 deren

459 1265 588 1334 Oripiacl
612 1265 669 1319 sich
689 1264 786 1330 fallier
803 1265 842 1324 aa
862 1264 1005 1320 Geheimere
1023 1266 1213 1320 Steotserche'o
1230 1282 1265 1320 eu
1284 1266 1382 1320 Berlin
1401 1266 1509 1332 defend,
1529 1266 1766 1331 eunoeheefrlhren
1783 1266 1843 1320 seire

455 1354 558 1419 detesto.
595 1353 673 1409 Siehe
690 1354 736 1407 die
749 1353 902 1408 Venientes
920 1353 952 1407 io
970 1353 1022 1407 deo
1040 1354 1259 1422 Anmerlcenyen.

407 1442 501 1498 Vera:
518 1443 618 1497 Arrab.
637 1441 728 1511 Ureu,
746 1445 808 1510 216,
837 1442 943 1510 Scriba,
961 1442 1005 1510 ΙΙ,
1024 1441 1077 1495 No.
1094 1444 1152 1495 788.

189 1740 281 1813 545.
304 1745 378 1811 Dos
400 1744 739 1811 Deutschordetshaus
768 1766 809 1808 88
832 1744 1095 1809 Saclrserehousea
1125 1745 1352 1826 oererbpuchtel
1382 1749 1469 1809 cireen
1495 1745 1617 1809 Gordos
1647 1748 1690 1808 ira
1712 1746 1843 1811 Lirulorc

305 1873 349 1918 ore
371 1852 564 1935 Morpaord,
589 1852 676 1917 Solea
698 1852 754 1915 der
776 1852 908 1929 seuera,
933 1851 999 1915 tend
1022 1852 1134 1915 deseca
1155 1850 1259 1916 Fron.
1307 1857 1396 1916 1288
1418 1851 1493 1916 Mar
1514 1858 1568 1915 26.

295 1995 364 2059 Nos
388 1991 494 2059 irater
517 1994 683 2059 liutherus
707 1994 942 2058 conmendator
965 1991 1131 2073 ceterique
1155 1991 1280 2058 iratres
1303 1995 1416 2057 domus
1440 1992 1631 2058 Theutom'cc
1652 1992 1687 2057 in
1714 1993 1843 2058 Sesam-

188 2099 295 2181 husin,
320 2104 434 2165 notum
457 2118 529 2165 esse
553 2098 699 2181 cupimus
723 2098 896 2180 universis
922 2100 1008 2179 quod
1027 2096 1128 2171 linos
1152 2104 1260 2165 ortum
1282 2105 1432 2163 nostrum
1455 2098 1488 2163 in
1505 2096 1628 2164 Lindee
1645 2097 1753 2178 situm,
1779 2103 1841 2165 duo

188 2206 305 2289 iugera
328 2212 362 2271 et
377 2204 543 2271 dimidium
566 2204 796 2286 continentem,
823 2202 1041 2270 concessimus
1059 2205 1259 2285 Marquardo
1283 2204 1348 2270 filio
1367 2204 1512 2270 Sewire⁸
1536 2211 1570 2269 et
1585 2203 1785 2277 Mecllthildi
1801 2208 1841 2270 de

189 2311 424 2395 Redelinhcim‚
449 2311 635 2393 uxorisne,
661 2332 700 2377 ac
723 2310 898 2377 heredibus
923 2312 1097 2376 eorundem
1120 2310 1191 2376 iure
1206 2309 1406 2377 hereditario
1422 2310 1658 2392 imperpetuum
1675 2310 1843 2392 possiden-

190 2421 275 2483 dum.
323 2418 378 2483 Ita
401 2425 520 2498 tamen,
546 2420 631 2499 quod
659 2414 782 2503 ipati)b
804 2436 843 2483 ac
862 2414 1040 2489 haeredes
1065 2419 1238 2482 eorundem
1263 2418 1305 2481 ab
1330 2418 1442 2482 eodem
1465 2423 1537 2482 orto
1560 2416 1700 2484 indiviso
1718 2419 1760 2483 ab
1776 2437 1843 2483 una

191 2543 289 2591 manu
312 2524 467 2589 heredum
490 2524 647 2590 tredecim
670 2522 791 2589 solidos
815 2522 1022 2588 denariorum
1045 2522 1199 2605 legalium
1223 2521 1580 2587 Frankenlordensium
1604 2528 1638 2587 et
1660 2524 1742 2589 duos
1766 2543 1842 2605 cap-

189 2648 291 2711 pones
324 2629 418 2695 nobis
451 2629 620 2697 annuatim
652 2629 685 2695 in
718 2626 804 2695 festo
834 2628 926 2693 beati
955 2627 1092 2694 Martini
1123 2627 1323 2710 persolvant.
1371 2628 1411 2693 In
1442 2627 1533 2693 cuius
1563 2628 1612 2693 rei
1641 2628 1843 2695 evidentiam

189 2742 375 2817 presentem
408 2735 555 2801 cedulam
587 2735 732 2802 dedimus
765 2734 886 2801 eisdem
920 2734 1019 2817 sigilli
1051 2734 1157 2800 nostri
1189 2733 1364 2799 munimine
1398 2736 1598 2800 roboratam.
1652 2735 1775 2800 Dato-m
1809 2742 1843 2801 et

189 2848 301 2907 actoru
324 2861 410 2907 anno
434 2841 555 2907 domini
577 2843 618 2907 riu.
640 2836 682 2908 cir.
704 2821 932 2922 lxxxviii,
964 2860 1075 2906 mense
1105 2840 1201 2922 maio,
1237 2839 1272 2905 in
1303 2841 1448 2906 crastino
1479 2840 1569 2906 beati
1598 2840 1727 2907 Urbani
1757 2861 1843 2923 pape

190 2953 225 3013 et
246 2946 414 3030 martyris.
591 2954 592 2959 ’

406 3087 451 3143 Or.
466 3088 553 3157 Ppmt.
591 3088 645 3141 Arre
664 3087 859 3158 ebhcnperrdere
874 3086 1075 3157 Siepehstrcisen
1093 3104 1148 3141 nur
1165 3085 1387 3156 nochSe'epelreet
1405 3087 1570 3141 verbanden.
1603 3087 1842 3156 8788818888-

347 3253 349 3257 .
455 3174 779 3231 adme-denemarcha.

408 3265 499 3320 Vera:
517 3265 662 3335 Pettencqq
680 3265 733 3320 No.
747 3268 808 3320 663.

190 3540 281 3616 546.
304 3548 415 3633 Kdree'p
439 3548 567 3631 Reulolf
587 3549 713 3613 ccrlciht
735 3516 805 3613 dene
827 3548 1067 3614 Deutschordeo
1090 3553 1179 3613 eiecere
1201 3548 1267 3613 ihm
1290 3570 1350 3613 888
1372 3549 1484 3630 Ripert
1506 3570 1566 3613 voa
1581 3548 1844 3614 Sochsmhousca

303 3678 345 3719 88
373 3656 489 3719 diesem
513 3654 639 3719 Zweclce
668 3658 857 3739 resipientes
886 3656 1159 3721 rciclusleluelrorea
1181 3655 1362 3720 Fischtcicle
1389 3678 1431 3719 88
1454 3655 1617 3737 Bersfeld.
1664 3655 1730 3719 Ver
1753 3655 1844 3720 Bere

305 3765 349 3825 im
371 3760 488 3846 Luper,
515 3766 603 3825 1288
625 3761 708 3827 June
735 3766 761 3826 7.
1645 3782 1648 3785 ⁴

296 3903 363 3968 Nos
393 3898 556 3968 Rudollus
589 3901 642 3967 dei
671 3901 782 3985 gracia
806 3904 1028 3969 Romanorum
1057 3922 1126 3984 rex,
1158 3922 1287 3984 semper
1317 3908 1507 3986 augustus·
1535 3904 1588 3968 Ad
1615 3901 1843 3968 universorum

186 4008 278 4075 sacri
299 4007 428 4089 imperii
450 4006 569 4079 Romal
575 4006 621 4080 lni
643 4007 784 4073 fidelium
808 4008 963 4074 noticiam
978 4008 1127 4074 volumus
1150 4009 1332 4091 pervenire,
1357 4012 1443 4090 quod
1460 4008 1660 4075 constitutus
1675 4008 1710 4073 in
1725 4016 1843 4075 nostra

186 4114 358 4198 presentia
392 4114 531 4180 dilectus
563 4120 677 4181 noster
709 4113 814 4179 fidelis
845 4114 1026 4196 Ripcrtbus
1052 4114 1075 4185 h
1102 4118 1141 4181 de
1172 4116 1397 4182 Sassenbusen
1431 4114 1590 4197 piscinam
1621 4114 1691 4182 sive
1722 4114 1841 4196 lacum,

186 4222 289 4288 situm
318 4220 353 4285 in
382 4219 544 4302 Bersvelt,
578 4239 672 4301 quem
703 4239 723 4285 a
753 4219 847 4286 nobis
878 4227 911 4286 88
940 4214 1075 4301 imperio
1107 4220 1214 4286 tenuit
1236 4220 1270 4286 in
1300 4218 1441 4304 feodum,
1462 4220 1485 4294 ll
1503 4224 1546 4287 ad
1569 4240 1685 4287 manus
1709 4228 1843 4287 nostras

183 4328 292 4394 libere
322 4325 514 4409 resignavit,
546 4325 736 4409 supplicans
766 4332 879 4391 nostre
910 4326 1078 4393 maiestati
1107 4325 1272 4392 humiliter
1303 4334 1335 4393 et
1369 4329 1497 4408 devote,
1522 4334 1559 4392 nt
1582 4326 1688 4408 ipsum
1711 4326 1843 4395 feodum

180 4432 434 4500 honorabilibus
458 4439 492 4497 et
514 4431 676 4515 religiosis
699 4432 780 4500 viris
803 4430 965 4498 iratribus
990 4436 1103 4499 domus
1121 4432 1322 4499 Tbeutonice
1338 4437 1379 4499 de
1395 4433 1601 4517 benignitate
1617 4433 1711 4516 regia
1727 4453 1842 4500 conce-

182 4544 267 4607 dere
291 4539 509 4623 dignarcmur.
544 4537 643 4604 Cuius
667 4538 818 4619 precibus
842 4537 1071 4605 favorabiliter
1093 4538 1253 4621 inclinati,
1279 4539 1436 4621 predictis
1451 4538 1613 4605 iratribus
1628 4547 1842 4606 memoratum

180 4646 295 4713 lacum
320 4644 466 4710 dedimus
489 4643 599 4711 divine
623 4644 895 4710 remunerationis
917 4644 1038 4710 intuitu
1064 4652 1222 4726 perpetuo
1239 4644 1479 4727 possidendum.
1516 4647 1718 4712 Memoratus
1742 4647 1842 4712 etiam

180 4750 369 4834 Ripcrtbus
399 4750 433 4815 in
462 4769 706 4833 recompensam
736 4750 876 4833 predicti
906 4750 994 4816 leodi
1024 4771 1124 4835 agros
1154 4751 1236 4818 sitos
1258 4752 1293 4816 in
1316 4753 1479 4834 Bersvclt,
1505 4752 1559 4833 qui
1583 4756 1625 4817 ad
1649 4772 1722 4817 eum
1745 4753 1841 4819 titulo

183 4856 406 4943 proprietatis
437 4855 604 4938 pertinere
634 4863 827 4939 noscuntur,
861 4860 903 4923 ad
933 4877 1049 4923 manus
1080 4865 1192 4924 nostre
1223 4858 1426 4924 celsitudinis
1457 4858 1656 4941 resignavit,
1689 4879 1770 4939 quos
1801 4879 1841 4925 ex

178 4967 306 5033 innata
337 4962 432 5028 nobis
456 4962 630 5028 clementia
652 4962 686 5027 in
710 4960 838 5028 feodum
864 4964 926 5029 sibi
950 4964 1179 5046 concessimus,
1208 4964 1412 5046 presencium
1435 4964 1621 5030 testimonio
1644 4964 1839 5030 litterarum.

177 5074 311 5140 Datum
340 5069 374 5134 in
404 5068 524 5134 castris
553 5075 629 5134 ante
653 5069 805 5151 Bernam,
831 5070 905 5136 VII.
927 5070 1001 5135 idus
1024 5070 1114 5150 iunii,
1139 5070 1317 5137 indictione
1341 5071 1455 5153 prima,
1481 5091 1567 5137 anno
1591 5060 1712 5136 domini
1734 5073 1774 5136 rh.
1797 5066 1839 5137 oi.

175 5156 320 5246 leiX.
344 5181 473 5257 octavo,
497 5174 592 5259 regni
614 5194 693 5243 vero
717 5174 823 5241 nostri
847 5195 931 5241 anno
956 5176 1205 5256 quintodecimo.

406 5316 451 5371 Or.
463 5318 550 5386 Ppmt.
561 5317 610 5370 mit
621 5317 825 5387 anhunpcndem
836 5317 1023 5386 beschdcliptea
1030 5317 1285 5387 Mop'esldtsnb'iepel.
1300 5318 1388 5384 Wieu,
1397 5317 1841 5373 Deutschordcns·Ccutralorchie.

403 5405 637 5473 Gedr.:13.,237
655 5407 725 5459 noch
743 5406 802 5459 dem
823 5406 869 5461 Or.
890 5448 895 5457 .

406 5494 499 5547 Vera:
518 5494 663 5563 Pelleneyy
681 5494 734 5547 No.
749 5498 809 5562 667,
837 5495 921 5549 a-R.
937 5495 989 5549 No.
1003 5498 1082 5549 2177.

455 5670 479 5721 z)
490 5670 755 5722 ,et-prenotatorum“
764 5668 827 5723 fehlt
836 5669 864 5712 ire
873 5669 902 5713 B.
931 5672 972 5723 aa)
983 5668 1343 5722 ,huto—Frenkenvordansie“
1353 5670 1417 5712 steht
1425 5670 1452 5711 ire
1461 5669 1490 5712 B.
1502 5682 1542 5713 om
1552 5670 1654 5714 Schluee
1663 5671 1707 5714 der
1718 5669 1841 5714 Urlcunde.

432 5754 435 5761 '
455 5778 481 5829 8)
495 5774 594 5829 nemea
607 5776 677 5819 neom
690 5788 754 5830 gana
767 5776 855 5827 seua,
870 5776 994 5821 aereaere
1008 5778 1152 5830 ,8888888
1179 5777 1202 5830 8)
1217 5776 1265 5821 sor
1275 5775 1322 5831 fer
1336 5776 1416 5830 ,rpus
