4400 6384
399 296 465 362 334
1120 296 1190 350 1295
1208 296 1276 350 Juni
1295 297 1337 350 10.

396 493 506 572 ficare,
532 497 583 557 set
613 491 765 572 quamdiu
795 490 1035 558 usumfructum
1064 492 1097 558 in
1128 493 1199 574 ipso
1229 492 1412 559 molendino
1443 492 1490 558 sic
1521 494 1690 558 destructo
1722 514 1786 559 non
1816 495 1977 560 habemns
2000 495 2050 561 vel

397 597 616 678 habuerimus,
643 617 663 664 a
686 597 841 679 pensione
872 598 1114 665 antedictorum
1136 601 1216 666 Jute
1248 606 1281 664 et
1311 599 1382 665 eius
1412 599 1506 681 pueri
1535 599 1728 666 nominatim
1758 599 1907 682 expressi
1934 601 2050 666 erinms

398 703 528 786 penitus
555 704 706 770 absoluti.
755 704 937 771 Usulructu
968 726 1094 787 quoque
1125 705 1301 772 molendini
1329 709 1371 772 ad
1401 726 1461 772 nos
1491 706 1641 774 revoluto
1671 710 1713 772 ad
1738 707 1928 788 pensionem
1949 707 2049 789 ipsius

396 813 492 878 Jutte
516 817 550 876 et
574 811 642 876 6166
666 830 767 892 puero
776 810 813 896 (i)
838 811 1020 878 tenebimur
1043 821 1266 880 memoratam.
1307 814 1347 879 In
1371 813 1463 879 cuius
1486 812 1536 878 rei
1557 812 1781 879 testimonium
1803 819 1838 878 61
1853 812 1983 878 roboris
2000 814 2050 878 lir-

397 917 545 983 mitatem
578 926 750 1000 presentes
781 917 897 984 literas
929 918 1036 1002 sigillo
1069 928 1183 986 nostro
1212 940 1280 986 666
1309 939 1381 985 cum
1411 918 1518 1003 sigillo
1548 919 1701 1003 magistri
1730 919 1908 1002 Dythmari
1938 920 2049 984 decani

396 1023 736 1103 Frankenvordensis,
761 1027 847 1105 quod
871 1027 913 1090 ad
937 1044 1052 1106 preces
1068 1033 1201 1092 nostras
1216 1033 1269 1091 est
1284 1045 1475 1108 appensum,
1500 1025 1650 1091 duximus
1667 1028 1882 1091 roborandas.
1931 1026 2048 1090 Datum

396 1149 482 1195 anno
506 1129 627 1196 domini
650 1130 817 1197 millesimo
841 1131 1086 1197 ducentensimo
1110 1132 1321 1216 nonagesimo
1345 1132 1469 1214 quinto,
1494 1129 1595 1201 VIII?
1613 1132 1687 1198 idus
1709 1131 1801 1197 iunii.

613 1269 659 1326 Or.
674 1271 761 1340 Ppmt.
799 1271 837 1326 St.
850 1272 885 1325 Δ.
899 1271 1073 1326 Dcrmaiadt.
1094 1302 1128 1308 —
1148 1271 1307 1337 Grotcfcnd.

610 1360 739 1430 Accaus:
756 1359 871 1426 Sicincr,
890 1361 1031 1430 Bacbyas
1051 1360 1114 1427 ΙΙΙ,
1134 1364 1193 1413 175.

615 1449 707 1503 Vera:
726 1448 831 1516 3661166,
851 1449 876 1516 Ι,
896 1449 949 1502 No.
965 1451 1025 1502 675.

396 1689 489 1764 673.
512 1697 709 1780 Ε661166161
731 1699 880 1763 Gerbcrd
895 1721 955 1762 666
971 1698 1086 1762 licina
1103 1698 1590 1779 1616111166811116166116166
1606 1697 1640 1762 F
1640 1699 1800 1781 ranltfurt,
1817 1701 1877 1763 (166
1892 1702 2046 1787 1116916166

512 1803 679 1870 Eclrebard
708 1806 973 1890 9666666111ίοὶ6,
1004 1806 1061 1870 der
1090 1809 1146 1868 nait
1174 1805 1245 1868 dem
1266 1804 1398 1885 Kapitel
1427 1806 1504 1869 iiber
1526 1807 1587 1869 (166
1612 1806 1739 1870 Genese
1761 1810 1864 1870 sciner
1889 1808 2047 1873 Prdbrnrle

510 1915 544 1976 in
577 1913 697 1993 offecere
720 1913 814 1976 Sircii
836 1912 986 1996 porcilaca
1008 1913 1075 1975 6661
1100 1933 1204 1995 weges
1226 1912 1390 1976 1111116166
1413 1911 1564 1996 16961116
1587 1913 1652 1994 aas
1671 1913 1722 1976 die
1746 1912 1965 1994 Frankfmier
1987 1916 2046 1979 6661

511 2018 661 2083 Maiaaer
675 2019 819 2083 Kirchen
842 2022 876 2082 16
898 2019 957 2082 dett
974 2017 1203 2082 Kircbertbaun
1225 2018 1339 2102 9611666
1363 2018 1559 2096 mordanici,
1584 2019 1746 2083 6661666616
1761 2021 1962 2101 6666616166,
1987 2023 2046 2085 uad

511 2129 556 2189 im
579 2124 672 2190 Falla
695 2147 729 2190 er
752 2126 819 2190 siclt
842 2125 927 2189 61611
949 2125 1171 2208 6661116611666
1193 2125 1301 2203 tirone,
1326 2128 1410 2188 scine
1427 2124 1592 2189 Prdbeadc
1614 2127 1818 2211 caderrocitip
1835 2148 1877 2189 66
1894 2129 2043 2211 66696166.

511 2232 637 2312 Maiae,
663 2237 749 2296 1295
773 2232 856 2296 Juna'
880 2237 932 2296 10.

505 2376 582 2442 Ger.
614 2373 667 2439 dei
707 2372 821 2456 gracia
863 2378 977 2438 sancte
1018 2371 1212 2455 Maguntine
1250 2370 1338 2437 sedis
1380 2371 1655 2456 archiepiscopus
1700 2372 1789 2439 sacri
1824 2374 1954 2457 imperii
1992 2395 2045 2456 per

399 2481 609 2550 Germaniam
639 2478 958 2560 archicancellarius
991 2479 1120 2545 dilectis
1152 2479 1186 2544 in
1210 2478 1340 2545 Christo
1359 2531 1365 2542 .
1386 2481 1578 2551 ,16666611
1597 2480 1723 2560 totique
1747 2480 1892 2562 capitulo
1916 2481 2045 2547 ecclesie

396 2584 729 2666 Frankenlurdensis,
755 2584 894 2651 salutem
919 2585 953 2651 in
977 2585 1115 2652 domino.
1157 2586 1236 2651 Cum
1252 2585 1411 2668 magister
1427 2585 1644 2651 Eckehardus
1660 2585 1769 2651 dictus
1785 2586 1876 2652 lloin
1891 2586 2045 2671 legittime

397 2693 549 2766 citalltus
578 2692 612 2758 in
643 2691 781 2758 ecclesia
804 2689 1112 2758 Frankenlurdensi
1134 2712 1199 2757 non
1224 2691 1392 2758 curaverit
1414 2689 1526 2757 facere
1549 2690 1766 2758 residenciam
1790 2695 1994 2773 personalem
2016 2700 2045 2758 et

397 2804 437 2867 ob
462 2802 523 2867 hoc
544 2799 652 2882 ipsum
675 2819 695 2864 a
719 2799 932 2881 percepcione
952 2799 975 2871 ll
993 2797 1159 2865 fructuum
1189 2800 1353 2879 prebende
1382 2817 1449 2879 sue,
1475 2817 1572 2878 quam
1594 2798 1628 2863 in
1652 2798 1742 2864 dicta
1765 2800 1905 2865 ecclesia
1927 2801 2044 2865 habere

397 2907 588 2988 dinoscitur,
620 2905 858 2988 suspenderitis
887 2903 1020 2972 16611616
1053 2905 1214 2989 exigente,
1240 2905 1389 2986 idemque
1412 2904 1629 2970 Eckehardus
1653 2907 1859 2987 postmodum
1882 2926 2045 2988 presump

397 3014 499 3081 cionis
531 3015 648 3080 ductus
681 3011 809 3094 spiritu,
844 3031 936 3078 arma
968 3032 1147 3094 assumens,
1182 3032 1245 3078 non
1281 3011 1384 3076 solnm
1407 3010 1763 3092 Frankenlordensem,
1796 3031 1908 3079 verum
1943 3014 2046 3078 eciam

396 3120 634 3205 Maguntinam,
660 3118 816 3184 ecclesias
840 3125 962 3184 temere
987 3119 1151 3200 spoliavit,
1176 3119 1210 3184 in
1232 3117 1350 3184 salutis
1367 3137 1424 3183 sue
1441 3116 1655 3198 preludicium
1671 3125 1706 3183 et
1721 3119 1912 3185 scandalum
1927 3119 2048 3184 ordinis

397 3227 567 3310 clericalis,
600 3232 735 3308 propter
765 3227 851 3306 quod
882 3225 1029 3308 spolium,
1062 3245 1134 3291 cum
1165 3230 1253 3290 esset
1285 3232 1451 3305 tamquam
1479 3224 1641 3290 notorium
1664 3223 1826 3307 legittime
1850 3226 2048 3292 declaratum

396 3354 506 3401 coram
538 3331 699 3398 iudicibus
730 3331 816 3397 sedis
847 3338 968 3413 nostre,
1000 3333 1098 3398 iidem
1129 3332 1253 3398 iudices
1283 3330 1398 3411 nostri,
1431 3329 1569 3396 formam
1592 3331 1780 3413 Maguntini
1810 3338 1845 3397 et
1874 3333 2047 3398 Ascaffem·

395 3439 570 3525 burgensis
604 3438 813 3504 conciliorum
849 3445 1035 3504 nostrorum
1073 3439 1267 3522 diligencius
1301 3440 1526 3517 observantes
1564 3436 1670 3518 ipsum
1705 3437 2048 3504 excommunicacionis

396 3547 526 3615 vinculo
556 3545 767 3626 innodarunt,
801 3552 835 3610 et
865 3545 940 3626 quia
968 3545 1153 3612 huiusmodi
1175 3543 1400 3626 suspensionis
1424 3551 1458 3608 et
1482 3543 1831 3611 excommunicacionis
1854 3545 2047 3622 sentencias,

398 3656 441 3720 ad
465 3651 622 3736 grenuum
646 3651 762 3717 matris
786 3651 923 3718 ecclesie
947 3653 1054 3717 redire
1078 3672 1143 3718 non
1167 3671 1297 3731 curans,
1322 3650 1388 3715 iam
1411 3669 1470 3731 per
1485 3651 1589 3716 multa
1605 3658 1755 3732 tempora
1771 3651 1928 3717 sustinuit
1943 3651 2047 3717 animo

396 3759 528 3826 nimium
552 3758 717 3839 indurato,
743 3757 982 3824 maledictionis
1005 3758 1120 3824 bibens
1144 3759 1279 3824 calicem
1295 3758 1387 3825 velut
1406 3775 1535 3838 aquam,
1553 3757 1689 3822 ecclesie
1706 3758 1856 3824 clavibus
1871 3757 2047 3840 vilipensis,

397 3865 586 3933 discretioni
609 3872 719 3931 vestre
742 3863 777 3929 in
800 3864 924 3932 virtute
952 3871 1066 3930 sancte
1090 3864 1278 3930 obediencie
1303 3869 1337 3929 ct
1360 3865 1420 3929 sub
1445 3882 1532 3945 pena
1555 3863 1779 3946 suspensionis
1803 3864 1954 3930 districte
1978 3883 2049 3944 pre

397 3972 545 4054 cipiendo
588 3972 790 4052 mandamus
837 3976 999 4051 quatenus
1041 3969 1207 4052 prelatum
1249 3969 1445 4054 magistrum
1490 3969 1530 4035 E.
1567 3971 1611 4035 ad
1649 3970 1906 4037 convincendam
1947 3970 2050 4053 ipsius

396 4078 558 4144 maliciam
587 4096 718 4142 monere
751 4077 883 4159 curetis
918 4084 953 4142 ut
984 4075 1073 4143 infra
1096 4097 1239 4144 mensem
1264 4096 1284 4143 a
1307 4081 1388 4142 data
1411 4075 1616 4158 presencium
1638 4076 1672 4141 16
1696 4079 1866 4159 prebenda
1889 4097 1948 4142 666
1971 4075 2050 4141 6661-

397 4183 545 4250 dentiam
570 4181 673 4249 166161
699 4183 913 4266 personalem,
938 4204 977 4250 ac
1001 4187 1041 4249 de
1065 4185 1169 4266 spolio
1194 4188 1264 4266 deo,
1290 4181 1383 4248 nobis
1408 4202 1447 4248 ac
1471 4184 1646 4263 dampnum
1665 4182 1774 4264 passis
1790 4183 2051 4249 satisfactionem

397 4290 551 4356 exhibeat
583 4297 830 4372 competentem,
865 4290 1009 4371 alioquin
1041 4293 1081 4356 de
1114 4292 1281 4372 prebenda
1314 4309 1384 4371 sna,
1417 4309 1483 4370 qna
1511 4288 1619 4370 ipsum
1650 4308 1778 4354 exnunc
1813 4291 1900 4357 61661
1930 4297 2051 4356 extunc

397 4395 565 4479 privamus
594 4396 628 4460 in
658 4395 720 4461 hiis
752 4396 895 4479 scriptis,
929 4403 962 4463 et
985 4398 1056 4463 iure
1080 4397 1304 4479 canonicatus,
1330 4399 1416 4478 quod
1437 4395 1472 4460 in
1496 4401 1611 4462 vestra
1634 4395 1774 4462 ecclesia
1797 4397 1919 4463 habere
1942 4397 2052 4462 dinos-

397 4503 492 4585 citur,
518 4503 680 4569 studeatis
704 4523 842 4585 parsone
866 4507 992 4586 ydonee
1017 4504 1200 4586 providere,
1226 4504 1378 4584 scientes,
1404 4505 1489 4583 quod
1514 4501 1542 4567 si
1564 4502 1599 4566 in
1623 4503 1682 4567 hoc
1704 4502 1910 4587 negligentes
1923 4500 2053 4570 inventi

395 4609 526 4676 fueritis
550 4609 603 4677 vel
632 4608 770 4691 remissi,
802 4613 841 4674 dc
871 4610 1067 4676 canonicatu
1099 4617 1134 4676 et
1163 4612 1331 4692 prebenda
1356 4607 1514 4691 predictis
1538 4628 1578 4674 ex
1601 4614 1714 4674 nostro
1739 4609 1924 4676 curabimus
1949 4608 2053 4676 officio

397 4716 579 4798 providere.
626 4715 843 4782 Monicionem
873 4723 983 4782 autem
1013 4717 1205 4798 premissam
1236 4716 1308 4782 fieri
1337 4717 1486 4783 volumus
1517 4713 1656 4780 1616616
1679 4715 1852 4796 oportunis
1877 4716 2054 4782 etubide

395 4823 467 4888 iure
489 4819 590 4888 luerit
613 4821 775 4889 iacienda.
811 4824 932 4888 Datum
953 4824 1138 4906 Maguncie,
1164 4803 1244 4890 llil.
1267 4822 1341 4889 idus
1356 4821 1446 4902 iunii,
1465 4841 1552 4886 anno
1568 4820 1690 4886 domini
1712 4823 1753 4886 rh.
1776 4815 1819 4888 cb.
1842 4822 2053 4905 nonogesimo

396 4929 518 5010 quinto.
545 4930 584 4994 In
600 4930 728 5014 signum
745 4929 950 4995 execucionis
967 4929 1198 5012 premissorum
1215 4929 1357 5013 sigillum
1374 4927 1478 4995 vestri
1494 4927 1631 5009 capituli
1643 4928 1854 5018 presentibus
1866 4929 2053 5012 apponatis.

612 5071 658 5126 Or.
672 5072 759 5141 Ppmt.
804 5072 975 5141 Abbongend
1000 5073 1051 5126 das
1076 5073 1252 5125 cerbrorbene
1277 5071 1490 5138 erabiocbdflicbe
1513 5070 1603 5140 Sicgel
1626 5070 1675 5123 mit
1694 5069 1860 5142 saraae.
1895 5070 1936 5124 St.
1951 5073 1989 5124 A.
2004 5069 2054 5124 Fr.

663 5161 760 5213 Barth.
776 5159 815 5213 St.
829 5161 882 5213 No.
899 5163 958 5213 603.

611 5249 708 5303 Gada:
728 5249 772 5314 Β,
791 5252 845 5303 294
864 5251 933 5304 caco
951 5249 1010 5302 dem
1034 5248 1079 5302 Or.
1101 5288 1108 5301 .

395 5487 488 5564 674.
511 5496 650 5577 Ditntar,
682 5497 826 5563 11661661
855 5499 910 5562 ulcr
940 5498 1160 5580 Fraabfurier
1186 5499 1316 5577 Kircbc,
1348 5500 1415 5562 rand
1443 5499 1546 5562 baua·
1569 5499 1724 5563 Heinrich
1754 5522 1815 5564 666
1845 5499 2055 5574 Prcunber'm,

511 5605 697 5688 6166611966
717 5607 909 5669 8616111666
932 5629 972 5669 aa
989 5604 1023 5668 F
1022 5607 1183 5688 ranltfrot,
1208 5607 1402 5670 eaisrlreirlca
1425 5607 1489 5687 arcs
1503 5606 1619 5669 1166661
1641 5606 1697 5669 dea
1712 5610 1878 5672 inscrivtcn
1891 5606 2057 5670 1166661616

511 5710 621 5793 Kdat'p
651 5711 771 5790 Adolfs
802 5733 869 5774 com
899 5718 952 5775 22.
977 5712 1076 5776 Mira
1107 5718 1193 5775 1295
1225 5713 1401 5795 (6916166
1422 5713 1502 5796 ch.
1523 5713 1585 5776 No.
1604 5715 1684 5795 668)
1715 5714 1766 5777 616
1794 5713 2056 5790 Scaiedsricater,
