4400 6384
399 309 464 374 324
1114 308 1183 361 1294
1202 309 1314 377 August
1333 308 1357 361 1.

394 503 475 570 tatis
492 501 518 576 li
535 503 698 584 Erpertus
716 504 874 585 plebanus
897 503 1096 570 monasterio
1121 508 1233 568 nostro
1255 503 1449 584 contulerat,
1475 501 1680 570 vendidimus
1696 523 1769 570 cum
1784 505 1953 590 honere(!)
1977 524 2046 570 cen-

395 630 496 692 suum,
523 610 577 690 qui
601 614 640 676 de
665 610 754 676 dicta
778 609 869 675 curia
893 610 1063 676 aunuatim
1087 609 1160 675 dari
1184 609 1300 690 solent,
1321 609 1344 681 li
1362 611 1499 676 honesto
1523 609 1594 676 viro
1611 609 1779 694 Hezegino
1802 611 2044 677 conmendatori

394 720 434 782 de
449 715 686 797 Frankmlurd,
711 716 834 782 ordinis
858 717 966 782 sancti
988 715 1161 796 iohannis,
1186 716 1315 782 nomine
1338 716 1483 782 eiusdem
1506 716 1557 782 sni
1579 715 1713 798 ordinis,
1738 736 1797 798 pro
1822 717 1942 783 marcis
1962 725 2044 784 octe

393 823 486 905 ginta
502 831 644 904 quatuor
658 830 828 889 numerate
845 823 990 904 pecunie,
1008 841 1105 903 quam
1121 823 1251 903 quidem
1267 822 1439 904 pecuniam
1455 820 1598 888 latemur
1614 841 1673 888 nos
1690 821 1875 904 percepisse
1892 823 2041 905 plenarie,

393 937 551 1012 ponentes
580 930 686 1013 ipsum
718 948 756 995 ac
781 949 839 1012 per
863 930 968 1010 ipsum
992 928 1115 994 dictum
1139 948 1232 994 suum
1256 927 1402 994 ordinem
1424 927 1459 994 in
1481 935 1675 1011 perpetuam
1699 927 1939 1009 possessiouem
1963 929 2041 994 dicte

393 1035 491 1116 curie,
516 1043 554 1100 ut
583 1035 647 1116 ipsi
676 1055 713 1101 eo
743 1035 814 1101 iure
839 1055 878 1100 ac
901 1033 1056 1101 libertate
1081 1035 1282 1116 possideant,
1307 1034 1424 1114 quibus
1448 1054 1508 1100 nos
1530 1035 1691 1099 hactenus
1716 1033 1915 1099 dinoscimur
1938 1055 2041 1116 posse·

393 1142 488 1208 disse.
536 1143 731 1208 Profitemur
761 1141 986 1208 nichilominus
1018 1161 1076 1223 per
1107 1148 1288 1223 presentes,
1314 1143 1401 1221 quod
1430 1161 1490 1206 nos
1519 1139 1784 1206 renunciavimus
1813 1139 1847 1205 in
1876 1146 2039 1206 contractu

392 1247 556 1330 presentis
578 1249 777 1315 venditionis
800 1255 874 1315 octo
899 1248 1011 1314 solidis
1029 1246 1146 1330 legalis
1162 1254 1301 1327 monete,
1326 1247 1382 1327 qui
1398 1246 1491 1312 nobis
1508 1245 1645 1328 singulis
1661 1246 1757 1312 annis
1773 1248 1814 1310 de
1830 1246 1910 1311 dicti
1926 1246 2038 1312 ordinis

393 1353 485 1420 curia
514 1353 587 1419 dari
617 1360 867 1434 consueverunt,
892 1356 1067 1419 reddentes
1091 1353 1214 1418 dictum
1241 1352 1388 1418 ordinem
1412 1355 1453 1418 ab
1477 1352 1559 1436 ipsis
1582 1359 1741 1434 perpetuo
1765 1352 1963 1418 absolutum.
2007 1354 2037 1418 ln

393 1460 485 1526 cuius
514 1459 714 1526 venditionis
744 1466 777 1526 et
800 1459 1057 1526 renunciationis
1081 1459 1304 1524 testimonium
1327 1459 1470 1542 sigillum
1493 1467 1643 1525 nostrum
1664 1459 1874 1541 presentibus
1899 1459 2036 1525 duximus

392 1569 651 1648 appendendum.
698 1569 819 1632 Actum
842 1574 876 1632 et
895 1569 1008 1632 datum
1025 1585 1111 1633 anno
1128 1564 1249 1632 domini
1264 1565 1434 1633 millesimo
1450 1565 1674 1632 ducentesimo
1691 1566 1902 1650 nonagesimo
1919 1573 2034 1647 quartu

392 1672 426 1738 in
450 1671 501 1738 die
526 1671 615 1738 beati
638 1673 792 1738 Barnabe
817 1672 967 1755 apostoli.

608 1811 653 1866 Or.
666 1813 754 1882 Ppmt.
792 1811 963 1882 Abbaupead
981 1811 1131 1880 Sicqtlrset.
1168 1811 1256 1866 Sus.
1272 1812 1324 1866 Fr.
1337 1812 1503 1868 Jotuaatter
1519 1812 1584 1868 Urlr.
1598 1813 1651 1868 No.
1667 1817 1691 1868 6.

605 1901 704 1956 seur.-
721 1901 765 1968 B,
784 1904 838 1954 286
856 1901 925 1954 auct
944 1901 1003 1954 11101
1024 1899 1070 1954 Or.
1091 1941 1096 1952 .

608 1989 702 2044 Vera:
720 1990 821 2044 Anuli.
839 1989 931 2058 Urltb,
949 1993 1012 2058 217,
1038 1988 1145 2058 easta,
1164 1989 1208 2057 ΙΙ,
1228 1990 1356 2044 110848.

389 2240 481 2317 654.
504 2249 615 2333 Kontp
639 2248 745 2329 Adolf
768 2248 891 2312 cerleibt
914 2249 983 2312 ciera
1006 2247 1093 2312 Rata
1117 2247 1183 2311 trud
1205 2249 1266 2312 den
1289 2247 1442 2331 Biirpera
1465 2269 1525 2312 von
1547 2247 1732 2330 Fraukfurt
1754 2249 1804 2313 die
1822 2249 1943 2328 Gnade,
1966 2250 2032 2313 dass

506 2355 665 2420 Nicruand
688 2359 734 2419 sie
757 2355 830 2419 oder
852 2355 902 2418 dic
918 2354 1051 2438 Ihripert
1074 2354 1156 2419 aucit
1171 2353 1385 2436 Kanprsreclst
1407 2355 1720 2439 01010090161111
1734 2357 1802 2419 aad
1816 2355 1850 2418 F
1849 2356 2031 2439 orderurtpen

505 2485 566 2527 arcs
588 2463 645 2526 der
667 2460 759 2526 Sturii
782 2461 875 2526 ludera
897 2461 996 2525 lrdnrte
1020 2461 1094 2524 oder
1116 2461 1201 2524 solie.
1248 2459 1443 2542 Frualrfurt,
1468 2467 1555 2525 1294
1579 2461 1709 2546 Arrpusi
1732 2468 1763 2526 1.

496 2601 637 2669 Adullus
658 2611 700 2663 dei
713 2609 807 2680 gracia
821 2609 1003 2664 Romanorum
1016 2623 1072 2677 rex,
1092 2623 1199 2676 semper
1211 2615 1356 2678 augustus.
1372 2649 1377 2658 .
1392 2651 1398 2664 .
1411 2608 1596 2664 Pmdentibns
1609 2609 1676 2665 viris
1690 2653 1695 2663 .
1711 2653 1716 2663 .
1729 2609 1887 2665 consulibus
1899 2619 1929 2666 et
1940 2611 2032 2666 clvibus

390 2708 527 2764 universis
547 2709 580 2762 de
598 2708 798 2774 Franlenvort,
812 2708 832 2773 l!
844 2707 969 2762 fidelibus
994 2706 1052 2762 suis
1078 2705 1194 2773 dilectis,
1213 2707 1337 2776 graciam
1361 2723 1439 2762 suum
1465 2711 1495 2761 et
1519 2723 1597 2762 omne
1623 2705 1729 2762 bonum.
1766 2708 1805 2762 Ut
1830 2709 1932 2778 regalis
1949 2714 2030 2762 nosue

390 2805 594 2878 magnificencie
621 2805 772 2861 uberiorem
798 2805 1013 2859 benivolenciam
1039 2813 1067 2858 et
1092 2803 1281 2872 specialiorem
1296 2806 1316 2861 il
1328 2805 1454 2874 graciam
1479 2805 1610 2860 1111011111
1635 2805 1735 2859 vobis·
1756 2821 1816 2860 esse
1841 2822 1890 2874 pre
1917 2804 2031 2860 ceterisl

389 2905 540 2974 preciosius
552 2905 722 2972 inclinatam,
736 2903 812 2958 vobis
824 2903 894 2957 hanc
906 2903 1028 2972 graciam
1041 2901 1168 2957 duximus
1181 2901 1343 2971 laciendum,
1355 2903 1426 2970 quod
1440 2903 1534 2958 nullus
1546 2918 1595 2956 voa
1610 2934 1628 2968 ,l
1643 2903 1686 2957 vel
1698 2909 1822 2958 vestrum
1835 2904 1949 2972 ebonem
1961 2903 2029 2957 modo

388 3003 504 3056 duellica
523 3017 572 3058 seu
590 3019 638 3071 per
651 3005 723 3057 viam
735 3001 819 3057 duelli
832 3011 912 3056 extra
926 3001 1068 3056 civitatem
1083 3001 1368 3056 Frankeuvordencem
1385 2999 1475 3068 possit
1486 3001 1529 3055 vel
1542 3000 1642 3054 101111
1653 3016 1775 3055 evocare.
1802 3001 1934 3056 Volumus
1946 3003 2030 3064 eciam

388 3101 460 3168 quod
470 3101 563 3156 nullus
583 3117 631 3156 vos
650 3101 693 3156 vel
713 3107 834 3155 vestrum
854 3099 970 3168 aliquem
989 3115 1037 3167 pro
1054 3099 1121 3154 ullis
1140 3100 1217 3154 bouis
1230 3099 1274 3154 vel
1287 3098 1387 3153 debitis
1399 3103 1480 3152 extra
1492 3097 1595 3152 dictam
1607 3097 1750 3153 civitatem
1762 3098 2029 3153 Frankenlurdenrsst

388 3198 475 3253 citare
494 3199 581 3267 possit
601 3199 757 3266 aliqualiter
776 3199 818 3253 vel
839 3213 943 3266 vocare,
963 3199 1017 3253 nisi
1036 3201 1113 3267 prius
1131 3199 1160 3253 iu
1179 3198 1294 3253 civitate
1313 3197 1505 3252 Fraukeuvort
1523 3197 1576 3250 sibi
1595 3195 1679 3250 luerit
1697 3195 1811 3251 iusticia
1828 3197 1971 3267 denegata.
2003 3195 2031 3249 ln

388 3297 465 3351 cuius
477 3297 659 3351 concessionis
669 3305 762 3351 nostre
772 3296 863 3366 gracie
872 3297 1060 3351 testimouium
1070 3295 1147 3351 vobis
1158 3297 1219 3351 dari
1229 3296 1341 3350 lecimus
1351 3295 1402 3350 bas
1414 3295 1521 3383 lisgerus
1530 3294 1616 3364 sigilli
1628 3293 1717 3348 nostri
1726 3295 1876 3350 munimine
1889 3293 2029 3348 roboratus.

389 3386 510 3451 Datum
528 3389 614 3468 apud
627 3388 871 3458 Fraukenvort.
888 3388 1039 3452 kalendis
1056 3386 1199 3470 augusti,
1215 3385 1391 3452 indictione
1398 3387 1473 3452 Vll.
1498 3387 1594 3450 Anno
1607 3384 1729 3450 domini
1739 3384 1908 3451 millesimo
1920 3387 2031 3449 ducen-

389 3491 503 3558 tesimo
529 3493 738 3576 nonogesimo
764 3500 891 3575 quarto.
939 3493 1048 3576 Regni
1070 3512 1149 3560 vero
1174 3492 1280 3558 nostri
1303 3511 1388 3558 anno
1413 3491 1526 3557 tercio.

604 3633 648 3688 Or.
670 3635 757 3704 qut.
803 3633 1032 3702 Majeetasatepet
1060 3651 1097 3687 cn
1125 3635 1304 3705 rotis-peltes
1332 3633 1433 3688 Fddea
1459 3633 1621 3687 1111100101
1647 3633 1820 3703 0011100011.
1874 3633 1911 3687 St.
1931 3634 1965 3686 A.
1984 3631 2029 3684 Fr.

701 3724 706 3734 ¹
765 3723 777 3749 Ι

601 3723 789 3866 &datvm
807 3727 878 3880 illl,
905 3815 946 3876 12,
966 3811 1009 3878 ΙΙ,
1037 3815 1071 3865 10
1095 3836 1129 3854 =
1155 3813 1282 3880 Lerener,
1300 3813 1348 3877 1⁰,
1371 3815 1406 3866 66
1425 3833 1458 3857 =
1478 3811 1581 3881 Laterio,
1600 3811 1635 3866 R.
1650 3810 1800 3880 1.,11111,
1827 3815 1896 3879 561,
1922 3811 1967 3877 Β,
1985 3813 2032 3861 ss?

652 3901 723 3954 uocis
741 3900 799 3953 dean
821 3900 894 3955 Or..

605 3989 697 4042 Vera:
717 3989 768 4042 Fr.
782 3989 842 4042 lau.
857 3988 918 4058 ΙΙΙ,
937 3993 963 4054 2,
983 3989 1027 4056 Β,
1047 3989 1113 4059 neq.
1127 3989 1181 4044 Aa.
1196 3989 1247 4042 No.
1261 3993 1323 4042 209.

712 4078 767 4130 Die
789 4077 918 4130 Urluade
935 4078 971 4131 iat
990 4078 1048 4131 0101
1062 4077 1272 4147 Wr'cderboiunp
1289 4077 1337 4131 des
1354 4077 1490 4148 Priuiiepa
1507 4077 1602 4148 Kduip
1620 4075 1741 4141 Rudoit's
1758 4094 1811 4131 001
1830 4081 1899 4132 1291
1918 4077 2031 4130 110130.

606 4166 691 4235 l'crql.
707 4166 759 4219 Na.
776 4169 834 4218 597.

385 4426 476 4500 655.
500 4433 610 4518 Kdoip
626 4433 731 4516 Ariolf
752 4436 877 4498 uerleiltl
901 4436 966 4498 10111
991 4435 1135 4518 1011111191
1157 4435 1217 4498 flers
1232 4404 1452 4516 Frankt'urter
1466 4434 1620 4519 Biiryem
1642 4436 1703 4499 ulle
1718 4435 1843 4515 1100110,
1859 4433 2035 4498 Freilteiieu

501 4543 567 4604 trud
592 4541 736 4619 Gaudere,
763 4541 872 4605 rueleltc
903 4543 994 4605 ilrsen
1018 4563 1076 4605 von
1100 4540 1222 4606 Kaiser·
1244 4539 1412 4605 Friedrich
1435 4541 1502 4604 send
1524 4541 1646 4606 andern
1668 4564 1724 4606 cor
1746 4542 1862 4606 11101001
1884 4540 2036 4606 1011101011

501 4648 638 4712 wrrrden.
686 4646 879 4728 Frunlrfert,
906 4653 991 4711 12114
1016 4647 1146 4731 Aupust
1169 4653 1198 4711 1.

491 4787 630 4854 Adollus
652 4797 694 4850 dei
713 4798 807 4866 gracia
826 4797 1010 4850 Romanorum
1028 4813 1085 4864 rex,
1106 4811 1212 4865 semper
1230 4803 1374 4866 augustus.
1404 4797 1546 4852 vnivmn
1564 4798 1636 4852 sacri
1653 4797 1771 4852 Romani
1787 4797 1895 4866 imperii
1914 4796 2037 4852 fidelibus

383 4895 582 4963 presencium
599 4893 807 4960 inspectoribus,
827 4896 949 4964 graciam
968 4910 1045 4949 suam
1065 4900 1094 4949 et
1113 4910 1191 4949 omns
1210 4895 1317 4950 bonum.
1349 4897 1470 4966 Dignum
1489 4894 1597 4951 iudicat
1608 4901 1706 4950 101111
1717 4896 1853 4951 serenitas
1864 4901 1896 4951 et
1908 4894 2036 4960 decanis,

383 4993 453 5060 quod
478 4991 599 5046 fidelium
625 5001 780 5046 nostrorum
829 4993 975 5046 commodis
999 4998 1080 5047 tanto
1107 4994 1260 5062 gratiosius
1286 4993 1468 5062 intendamus,
1493 5003 1597 5062 quanto
1614 4993 1697 5050 iidem
1718 4999 1895 5050 sumusancto
1916 4995 2037 5049 Romana

383 5090 495 5158 imperio
519 5096 547 5144 et
572 5089 651 5143 uobis
677 5089 783 5158 imperii
801 5099 884 5158 atque
902 5090 1050 5159 reipublice
1069 5097 1079 5156 ¹.
1098 5107 1190 5146 curam
1209 5091 1369 5162 gerentibus
1387 5091 1495 5147 fidelius
1513 5094 1725 5162 coniunguntur.
1761 5094 1831 5148 Cum
1854 5095 1931 5148 enirn
1948 5089 2037 5148 subdi·

383 5175 472 5242 torum
498 5187 598 5242 bonum
626 5193 655 5242 et
679 5189 882 5243 commoditatis
908 5195 1085 5256 augmentum
1112 5199 1208 5244 nostra
1232 5200 1363 5257 procurat
1387 5191 1531 5258 serenitas,
1560 5190 1752 5245 dilstacionem
1776 5191 1889 5246 honoris
1916 5191 1989 5261 regii
2011 5201 2038 5243 et

383 5268 529 5354 dignitatis
555 5284 662 5351 imperii
686 5301 881 5353 promovemus.
926 5289 1097 5355 Quapropter
1122 5285 1279 5342 inherentes
1305 5287 1452 5343 divorum.
1473 5331 1479 5342 .
1499 5288 1695 5356 imperatorum
1716 5296 1772 5344 et.
1794 5333 1800 5343 .
1820 5305 1922 5358 regum
1946 5289 2039 5345 inclite

382 5381 580 5436 recordacionis
599 5389 801 5438 antecessorum
820 5392 975 5439 nostrorum
994 5385 1121 5454 vestigiis
1140 5392 1169 5439 et
1187 5385 1326 5454 exemplis,
1346 5386 1417 5454 illos,
1436 5401 1504 5454 qnos
1522 5387 1558 5441 ud
1576 5402 1626 5441 nos
1639 5392 1668 5442 et
1681 5392 1780 5442 nostra
1792 5397 1920 5454 tempora
1937 5388 2039 5455 predic-

381 5485 490 5534 torum.
506 5522 512 5534 .
526 5480 719 5549 imperatorum
745 5487 791 5537 et.
808 5525 813 5535 .
828 5499 923 5552 regum
955 5485 984 5538 ln
1015 5484 1226 5540 conservacione
1251 5486 1328 5552 iuris,
1360 5485 1500 5540 libertatis
1525 5494 1554 5540 et
1578 5486 1688 5541 honoris
1712 5487 1841 5555 perduxit
1876 5486 2038 5554 posteritas,

382 5577 522 5643 cupientes
542 5577 570 5630 in
589 5578 689 5644 eadem,
709 5589 808 5646 quaet
828 5580 887 5648 ipsi,
907 5582 1002 5650 gracia
1020 5581 1172 5649 contovere,
1193 5582 1300 5638 dilectis
1319 5583 1444 5638 fidelibus
1462 5584 1573 5650 nostris,
1593 5583 1698 5640 civibus
1716 5585 2039 5648 sransenvordenaitua,

648 5756 671 5806 a)
688 5753 777 5796 Rusur.
807 5755 830 5807 b)
850 5755 1029 5810 Urrprr'r'npliet
1046 5760 1212 5812 ,praeeterls·,
1227 5757 1294 5801 duas
1309 5759 1386 5802 duret
1402 5759 1508 5803 Zetclrers
1519 5763 1639 5813 refrenat
