<?xml version="1.0" encoding="UTF-8"?>
<!DOCTYPE html PUBLIC "-//W3C//DTD XHTML 1.0 Transitional//EN"
    "http://www.w3.org/TR/xhtml1/DTD/xhtml1-transitional.dtd">
<html xmlns="http://www.w3.org/1999/xhtml" xml:lang="en" lang="en">
 <head>
  <title>
</title>
<meta http-equiv="Content-Type" content="text/html;charset=utf-8" />
  <meta name='ocr-system' content='tesseract 3.04.00' />
  <meta name='ocr-capabilities' content='ocr_page ocr_carea ocr_par ocr_line ocrx_word'/>
</head>
<body>
  <div class='ocr_page' id='page_1' title='image "./codexdiplomatic00nathgoog_0051.png"; bbox 0 0 4400 6384; ppageno 0'>
   <div class='ocr_carea' id='block_1_1' title="bbox 725 327 1809 398">
    <p class='ocr_par' dir='ltr' id='par_1_1' title="bbox 725 327 1809 398">
     <span class='ocr_line' id='line_1_1' title="bbox 725 327 1809 398; baseline -0.004 -15"><span class='ocrx_word' id='word_1_1' title='bbox 725 328 1236 398; x_wconf 58' lang='lat' dir='ltr'>mmm-mmm</span> <span class='ocrx_word' id='word_1_2' title='bbox 1762 327 1809 394; x_wconf 58' lang='lat' dir='ltr'>ffi</span> 
     </span>
    </p>
   </div>
   <div class='ocr_carea' id='block_1_2' title="bbox 154 523 1810 847">
    <p class='ocr_par' dir='ltr' id='par_1_2' title="bbox 154 523 1810 847">
     <span class='ocr_line' id='line_1_2' title="bbox 155 523 1810 609; baseline -0.005 -12"><span class='ocrx_word' id='word_1_3' title='bbox 155 532 207 598; x_wconf 91' lang='lat' dir='ltr'>dei</span> <span class='ocrx_word' id='word_1_4' title='bbox 242 538 275 597; x_wconf 92' lang='grc'>61</span> <span class='ocrx_word' id='word_1_5' title='bbox 309 531 481 596; x_wconf 90' lang='lat' dir='ltr'>beatorum</span> <span class='ocrx_word' id='word_1_6' title='bbox 510 528 601 594; x_wconf 89' lang='lat' dir='ltr'>Petri</span> <span class='ocrx_word' id='word_1_7' title='bbox 636 535 669 593; x_wconf 90' lang='grc'>61</span> <span class='ocrx_word' id='word_1_8' title='bbox 699 526 793 592; x_wconf 89' lang='lat' dir='ltr'>Pauli</span> <span class='ocrx_word' id='word_1_9' title='bbox 827 527 1050 609; x_wconf 91' lang='lat' dir='ltr'>apostolorum</span> <span class='ocrx_word' id='word_1_10' title='bbox 1085 526 1155 592; x_wconf 90' lang='lat' dir='ltr'>eins</span> <span class='ocrx_word' id='word_1_11' title='bbox 1190 545 1225 592; x_wconf 89' lang='grc'>66</span> <span class='ocrx_word' id='word_1_12' title='bbox 1259 524 1389 593; x_wconf 87' lang='grc'><strong>6616111</strong></span> <span class='ocrx_word' id='word_1_13' title='bbox 1423 524 1639 592; x_wconf 86' lang='grc'><strong>1666166166.</strong></span> <span class='ocrx_word' id='word_1_14' title='bbox 1687 523 1810 589; x_wconf 86' lang='lat' dir='ltr'>Datum</span> 
     </span>
     <span class='ocr_line' id='line_1_3' title="bbox 154 632 1358 719; baseline -0.005 -15"><span class='ocrx_word' id='word_1_15' title='bbox 154 640 332 719; x_wconf 88' lang='lat' dir='ltr'>Laterano,</span> <span class='ocrx_word' id='word_1_16' title='bbox 358 637 420 702; x_wconf 90' lang='grc' dir='ltr'>ΙΠ.</span> <span class='ocrx_word' id='word_1_17' title='bbox 446 635 519 701; x_wconf 86' lang='lat' dir='ltr'>idus</span> <span class='ocrx_word' id='word_1_18' title='bbox 542 632 712 716; x_wconf 82' lang='lat' dir='ltr'>februarii,</span> <span class='ocrx_word' id='word_1_19' title='bbox 738 634 948 718; x_wconf 87' lang='lat' dir='ltr'>pontificatus</span> <span class='ocrx_word' id='word_1_20' title='bbox 972 633 1077 700; x_wconf 78' lang='lat' dir='ltr'>nostri</span> <span class='ocrx_word' id='word_1_21' title='bbox 1101 651 1186 700; x_wconf 93' lang='lat' dir='ltr'>anno</span> <span class='ocrx_word' id='word_1_22' title='bbox 1211 632 1358 715; x_wconf 92' lang='lat' dir='ltr'>septimo.</span> 
     </span>
     <span class='ocr_line' id='line_1_4' title="bbox 370 773 1564 847; baseline -0.003 -14"><span class='ocrx_word' id='word_1_23' title='bbox 370 778 416 833; x_wconf 85' lang='lat' dir='ltr'>Or.</span> <span class='ocrx_word' id='word_1_24' title='bbox 430 778 517 847; x_wconf 73' lang='lat' dir='ltr'>Ppmt.</span> <span class='ocrx_word' id='word_1_25' title='bbox 537 776 587 830; x_wconf 85' lang='lat' dir='ltr'>mit</span> <span class='ocrx_word' id='word_1_26' title='bbox 605 777 685 831; x_wconf 82' lang='lat' dir='ltr'>Bulla</span> <span class='ocrx_word' id='word_1_27' title='bbox 704 794 742 830; x_wconf 83' lang='grc'>61</span> <span class='ocrx_word' id='word_1_28' title='bbox 760 777 914 847; x_wconf 73' lang='grc'><strong>(6111961166</strong></span> <span class='ocrx_word' id='word_1_29' title='bbox 932 775 1040 830; x_wconf 81' lang='lat' dir='ltr'>Fddea.</span> <span class='ocrx_word' id='word_1_30' title='bbox 1079 776 1121 831; x_wconf 85' lang='lat' dir='ltr'>st.</span> <span class='ocrx_word' id='word_1_31' title='bbox 1134 776 1169 829; x_wconf 79' lang='lat' dir='ltr'>A.</span> <span class='ocrx_word' id='word_1_32' title='bbox 1182 775 1234 830; x_wconf 86' lang='lat' dir='ltr'>Fr.</span> <span class='ocrx_word' id='word_1_33' title='bbox 1248 775 1346 830; x_wconf 86' lang='lat' dir='ltr'>Barth.</span> <span class='ocrx_word' id='word_1_34' title='bbox 1360 773 1399 829; x_wconf 84' lang='lat' dir='ltr'>St.</span> <span class='ocrx_word' id='word_1_35' title='bbox 1419 774 1564 830; x_wconf 75' lang='grc'><strong>1162440.</strong></span> 
     </span>
    </p>
   </div>
   <div class='ocr_carea' id='block_1_3' title="bbox 369 864 1210 1021">
    <p class='ocr_par' dir='ltr' id='par_1_3' title="bbox 369 864 1210 1021">
     <span class='ocr_line' id='line_1_5' title="bbox 369 864 1210 936; baseline -0.004 -15"><span class='ocrx_word' id='word_1_36' title='bbox 369 867 470 922; x_wconf 73' lang='grc' dir='ltr'>(1661..Ι</span> <span class='ocrx_word' id='word_1_37' title='bbox 489 867 531 934; x_wconf 82' lang='lat'>13,</span> <span class='ocrx_word' id='word_1_38' title='bbox 551 868 594 936; x_wconf 80' lang='grc'>38,</span> <span class='ocrx_word' id='word_1_39' title='bbox 614 865 775 934; x_wconf 67' lang='grc'><strong>11616661,</strong></span> <span class='ocrx_word' id='word_1_40' title='bbox 796 868 856 932; x_wconf 83' lang='lat'>121,</span> <span class='ocrx_word' id='word_1_41' title='bbox 877 865 1117 919; x_wconf 66' lang='lat' dir='ltr'>hetdenetheim</span> <span class='ocrx_word' id='word_1_42' title='bbox 1138 864 1183 918; x_wconf 86' lang='lat' dir='ltr'>Or.</span> <span class='ocrx_word' id='word_1_43' title='bbox 1205 906 1210 918; x_wconf 96' lang='lat'>.</span> 
     </span>
     <span class='ocr_line' id='line_1_6' title="bbox 373 955 786 1021; baseline -0.002 -11"><span class='ocrx_word' id='word_1_44' title='bbox 373 955 467 1010; x_wconf 70' lang='lat' dir='ltr'>Vere:</span> <span class='ocrx_word' id='word_1_45' title='bbox 485 956 621 1021; x_wconf 84' lang='lat' dir='ltr'>Potthust,</span> <span class='ocrx_word' id='word_1_46' title='bbox 641 955 694 1010; x_wconf 89' lang='lat' dir='ltr'>No.</span> <span class='ocrx_word' id='word_1_47' title='bbox 708 959 786 1010; x_wconf 87' lang='lat'><strong><em>6966.</em></strong></span> 
     </span>
    </p>
   </div>
   <div class='ocr_carea' id='block_1_4' title="bbox 154 1164 1812 1576">
    <p class='ocr_par' dir='ltr' id='par_1_4' title="bbox 154 1164 1812 1576">
     <span class='ocr_line' id='line_1_7' title="bbox 154 1164 1812 1252; baseline -0.003 -12"><span class='ocrx_word' id='word_1_48' title='bbox 154 1164 219 1240; x_wconf 88' lang='grc'>66.</span> <span class='ocrx_word' id='word_1_49' title='bbox 244 1173 312 1236; x_wconf 83' lang='lat' dir='ltr'>Der</span> <span class='ocrx_word' id='word_1_50' title='bbox 329 1172 488 1238; x_wconf 82' lang='lat' dir='ltr'>&#39;Dechuai</span> <span class='ocrx_word' id='word_1_51' title='bbox 522 1173 705 1238; x_wconf 78' lang='lat' dir='ltr'>Goitschcllc</span> <span class='ocrx_word' id='word_1_52' title='bbox 737 1172 802 1236; x_wconf 77' lang='lat' dir='ltr'>reru]</span> <span class='ocrx_word' id='word_1_53' title='bbox 834 1173 894 1236; x_wconf 85' lang='lat' dir='ltr'>dos</span> <span class='ocrx_word' id='word_1_54' title='bbox 917 1170 1135 1252; x_wconf 77' lang='lat' dir='ltr'>Stistscupc&#39;tel,</span> <span class='ocrx_word' id='word_1_55' title='bbox 1168 1171 1323 1235; x_wconf 76' lang='lat' dir='ltr'>Heinrich</span> <span class='ocrx_word' id='word_1_56' title='bbox 1354 1171 1411 1234; x_wconf 79' lang='lat' dir='ltr'>der</span> <span class='ocrx_word' id='word_1_57' title='bbox 1440 1171 1633 1235; x_wconf 78' lang='lat' dir='ltr'>Schrdtheiss</span> <span class='ocrx_word' id='word_1_58' title='bbox 1664 1170 1731 1235; x_wconf 80' lang='lat' dir='ltr'>tend</span> <span class='ocrx_word' id='word_1_59' title='bbox 1761 1172 1812 1235; x_wconf 81' lang='lat' dir='ltr'>dic</span> 
     </span>
     <span class='ocr_line' id='line_1_8' title="bbox 243 1277 1812 1364; baseline -0.001 -20"><span class='ocrx_word' id='word_1_60' title='bbox 243 1280 374 1364; x_wconf 72' lang='lat' dir='ltr'>Biirper</span> <span class='ocrx_word' id='word_1_61' title='bbox 402 1302 443 1344; x_wconf 81' lang='lat' dir='ltr'>eo</span> <span class='ocrx_word' id='word_1_62' title='bbox 466 1279 652 1362; x_wconf 57' lang='grc'><strong>1116611611</strong></span> <span class='ocrx_word' id='word_1_63' title='bbox 682 1279 882 1344; x_wconf 74' lang='grc'><strong>1661166666</strong></span> <span class='ocrx_word' id='word_1_64' title='bbox 904 1279 954 1342; x_wconf 85' lang='lat' dir='ltr'>die</span> <span class='ocrx_word' id='word_1_65' title='bbox 977 1277 1156 1362; x_wconf 74' lang='grc'><strong>1161169669</strong></span> <span class='ocrx_word' id='word_1_66' title='bbox 1186 1282 1269 1342; x_wconf 76' lang='lat' dir='ltr'>eines</span> <span class='ocrx_word' id='word_1_67' title='bbox 1292 1279 1420 1342; x_wconf 77' lang='lat' dir='ltr'>Streites</span> <span class='ocrx_word' id='word_1_68' title='bbox 1448 1279 1604 1343; x_wconf 79' lang='grc'><strong>66166166</strong></span> <span class='ocrx_word' id='word_1_69' title='bbox 1626 1278 1696 1342; x_wconf 85' lang='lat' dir='ltr'>dem</span> <span class='ocrx_word' id='word_1_70' title='bbox 1718 1277 1812 1360; x_wconf 71' lang='lat' dir='ltr'>suesce</span> 
     </span>
     <span class='ocr_line' id='line_1_9' title="bbox 244 1383 1812 1470; baseline -0.002 -19"><span class='ocrx_word' id='word_1_71' title='bbox 244 1388 288 1452; x_wconf 82' lang='lat' dir='ltr'>Sl.</span> <span class='ocrx_word' id='word_1_72' title='bbox 306 1387 553 1470; x_wconf 56' lang='lat' dir='ltr'>Martae-ecee</span> <span class='ocrx_word' id='word_1_73' title='bbox 575 1409 616 1450; x_wconf 81' lang='lat' dir='ltr'>eo</span> <span class='ocrx_word' id='word_1_74' title='bbox 639 1386 755 1450; x_wconf 77' lang='lat' dir='ltr'>Maiae</span> <span class='ocrx_word' id='word_1_75' title='bbox 778 1387 844 1449; x_wconf 79' lang='grc'><strong>((111</strong></span> <span class='ocrx_word' id='word_1_76' title='bbox 867 1386 922 1450; x_wconf 82' lang='lat' dir='ltr'>der</span> <span class='ocrx_word' id='word_1_77' title='bbox 945 1385 1084 1450; x_wconf 82' lang='lat' dir='ltr'>Familia</span> <span class='ocrx_word' id='word_1_78' title='bbox 1107 1407 1168 1449; x_wconf 80' lang='lat' dir='ltr'>ooo</span> <span class='ocrx_word' id='word_1_79' title='bbox 1189 1384 1318 1469; x_wconf 78' lang='lat' dir='ltr'>Berpeo</span> <span class='ocrx_word' id='word_1_80' title='bbox 1340 1389 1375 1449; x_wconf 83' lang='lat' dir='ltr'>ia</span> <span class='ocrx_word' id='word_1_81' title='bbox 1390 1384 1516 1467; x_wconf 80' lang='lat' dir='ltr'>Betreff</span> <span class='ocrx_word' id='word_1_82' title='bbox 1535 1389 1618 1450; x_wconf 71' lang='lat' dir='ltr'>eines</span> <span class='ocrx_word' id='word_1_83' title='bbox 1636 1383 1748 1450; x_wconf 82' lang='lat' dir='ltr'>Zinses</span> <span class='ocrx_word' id='word_1_84' title='bbox 1770 1406 1812 1449; x_wconf 77' lang='lat' dir='ltr'>etc</span> 
     </span>
     <span class='ocr_line' id='line_1_10' title="bbox 244 1492 914 1576; baseline -0.001 -19"><span class='ocrx_word' id='word_1_85' title='bbox 244 1493 364 1558; x_wconf 75' lang='lat' dir='ltr'>Nitida.</span> <span class='ocrx_word' id='word_1_86' title='bbox 411 1492 605 1576; x_wconf 75' lang='lat' dir='ltr'>Fraolefrot,</span> <span class='ocrx_word' id='word_1_87' title='bbox 631 1499 719 1557; x_wconf 86' lang='grc'><strong>1223</strong></span> <span class='ocrx_word' id='word_1_88' title='bbox 742 1492 839 1575; x_wconf 83' lang='lat' dir='ltr'>April</span> <span class='ocrx_word' id='word_1_89' title='bbox 861 1497 914 1556; x_wconf 87' lang='grc'>28.</span> 
     </span>
    </p>
   </div>
   <div class='ocr_carea' id='block_1_5' title="bbox 156 1632 1813 3534">
    <p class='ocr_par' dir='ltr' id='par_1_5' title="bbox 156 1632 1813 3534">
     <span class='ocr_line' id='line_1_11' title="bbox 262 1632 1812 1716; baseline 0.001 -16"><span class='ocrx_word' id='word_1_90' title='bbox 262 1636 301 1701; x_wconf 88' lang='grc'>16</span> <span class='ocrx_word' id='word_1_91' title='bbox 325 1636 452 1702; x_wconf 91' lang='lat' dir='ltr'>nomine</span> <span class='ocrx_word' id='word_1_92' title='bbox 477 1635 598 1702; x_wconf 88' lang='lat' dir='ltr'>domini</span> <span class='ocrx_word' id='word_1_93' title='bbox 621 1655 724 1702; x_wconf 91' lang='lat' dir='ltr'>amen.</span> <span class='ocrx_word' id='word_1_94' title='bbox 774 1633 977 1702; x_wconf 85' lang='lat' dir='ltr'>Godscalcus</span> <span class='ocrx_word' id='word_1_95' title='bbox 1002 1637 1145 1700; x_wconf 88' lang='lat' dir='ltr'>decanus</span> <span class='ocrx_word' id='word_1_96' title='bbox 1169 1639 1204 1699; x_wconf 91' lang='grc'>61</span> <span class='ocrx_word' id='word_1_97' title='bbox 1227 1633 1417 1716; x_wconf 89' lang='lat' dir='ltr'>capitulum,</span> <span class='ocrx_word' id='word_1_98' title='bbox 1448 1632 1624 1700; x_wconf 89' lang='lat' dir='ltr'>Heinricus</span> <span class='ocrx_word' id='word_1_99' title='bbox 1651 1635 1812 1701; x_wconf 84' lang='lat' dir='ltr'>scultetus</span> 
     </span>
     <span class='ocr_line' id='line_1_12' title="bbox 156 1740 1810 1824; baseline 0 -16"><span class='ocrx_word' id='word_1_100' title='bbox 156 1750 190 1808; x_wconf 91' lang='grc'>61</span> <span class='ocrx_word' id='word_1_101' title='bbox 217 1742 305 1810; x_wconf 86' lang='grc'><strong>61166</strong></span> <span class='ocrx_word' id='word_1_102' title='bbox 335 1741 370 1807; x_wconf 92' lang='grc'>16</span> <span class='ocrx_word' id='word_1_103' title='bbox 393 1743 636 1808; x_wconf 84' lang='lat' dir='ltr'>Frankenvort.</span> <span class='ocrx_word' id='word_1_104' title='bbox 684 1743 737 1808; x_wconf 81' lang='lat' dir='ltr'>Ad</span> <span class='ocrx_word' id='word_1_105' title='bbox 767 1742 995 1808; x_wconf 90' lang='lat' dir='ltr'>universorum</span> <span class='ocrx_word' id='word_1_106' title='bbox 1024 1740 1178 1806; x_wconf 77' lang='lat' dir='ltr'><strong>noticiam</strong></span> <span class='ocrx_word' id='word_1_107' title='bbox 1210 1740 1381 1822; x_wconf 82' lang='lat' dir='ltr'>presencia</span> <span class='ocrx_word' id='word_1_108' title='bbox 1414 1741 1540 1823; x_wconf 88' lang='lat' dir='ltr'>scripta</span> <span class='ocrx_word' id='word_1_109' title='bbox 1569 1742 1810 1824; x_wconf 77' lang='lat' dir='ltr'>transmittant,</span> 
     </span>
     <span class='ocr_line' id='line_1_13' title="bbox 156 1846 1812 1933; baseline -0.001 -18"><span class='ocrx_word' id='word_1_110' title='bbox 156 1853 241 1932; x_wconf 87' lang='lat' dir='ltr'>quod</span> <span class='ocrx_word' id='word_1_111' title='bbox 265 1849 438 1930; x_wconf 88' lang='lat' dir='ltr'>discordia,</span> <span class='ocrx_word' id='word_1_112' title='bbox 470 1869 532 1931; x_wconf 86' lang='lat' dir='ltr'>que</span> <span class='ocrx_word' id='word_1_113' title='bbox 556 1851 750 1915; x_wconf 79' lang='lat' dir='ltr'>vertebatur</span> <span class='ocrx_word' id='word_1_114' title='bbox 773 1849 860 1915; x_wconf 87' lang='lat' dir='ltr'>inter</span> <span class='ocrx_word' id='word_1_115' title='bbox 884 1847 1086 1930; x_wconf 87' lang='lat' dir='ltr'>prepositum</span> <span class='ocrx_word' id='word_1_116' title='bbox 1109 1854 1142 1913; x_wconf 92' lang='grc'>61</span> <span class='ocrx_word' id='word_1_117' title='bbox 1174 1846 1344 1914; x_wconf 88' lang='grc'><strong>6661661616</strong></span> <span class='ocrx_word' id='word_1_118' title='bbox 1376 1855 1489 1914; x_wconf 91' lang='grc'><strong>666616</strong></span> <span class='ocrx_word' id='word_1_119' title='bbox 1513 1848 1619 1916; x_wconf 89' lang='grc' dir='ltr'><strong>Μ6116</strong></span> <span class='ocrx_word' id='word_1_120' title='bbox 1641 1848 1812 1933; x_wconf 78' lang='lat' dir='ltr'>Magantia</span> 
     </span>
     <span class='ocr_line' id='line_1_14' title="bbox 156 1953 1813 2038; baseline -0.002 -15"><span class='ocrx_word' id='word_1_121' title='bbox 156 1960 198 2023; x_wconf 90' lang='lat' dir='ltr'>ad</span> <span class='ocrx_word' id='word_1_122' title='bbox 223 1958 355 2024; x_wconf 85' lang='lat' dir='ltr'>Gradus</span> <span class='ocrx_word' id='word_1_123' title='bbox 379 1975 419 2022; x_wconf 84' lang='lat' dir='ltr'>ex</span> <span class='ocrx_word' id='word_1_124' title='bbox 444 1963 538 2038; x_wconf 90' lang='lat' dir='ltr'>parte</span> <span class='ocrx_word' id='word_1_125' title='bbox 561 1975 637 2038; x_wconf 92' lang='lat' dir='ltr'>una,</span> <span class='ocrx_word' id='word_1_126' title='bbox 667 1957 853 2023; x_wconf 82' lang='lat' dir='ltr'>Ounradum</span> <span class='ocrx_word' id='word_1_127' title='bbox 878 1955 1037 2022; x_wconf 85' lang='lat' dir='ltr'>seniorem</span> <span class='ocrx_word' id='word_1_128' title='bbox 1061 1961 1095 2020; x_wconf 90' lang='lat' dir='ltr'>et</span> <span class='ocrx_word' id='word_1_129' title='bbox 1119 1953 1201 2020; x_wconf 88' lang='lat' dir='ltr'>filios</span> <span class='ocrx_word' id='word_1_130' title='bbox 1225 1954 1295 2021; x_wconf 90' lang='lat' dir='ltr'>eius</span> <span class='ocrx_word' id='word_1_131' title='bbox 1319 1956 1516 2037; x_wconf 86' lang='lat' dir='ltr'>Cunradum,</span> <span class='ocrx_word' id='word_1_132' title='bbox 1542 1955 1748 2022; x_wconf 84' lang='lat' dir='ltr'>Gerhardum</span> <span class='ocrx_word' id='word_1_133' title='bbox 1779 1961 1813 2021; x_wconf 92' lang='lat' dir='ltr'>et</span> 
     </span>
     <span class='ocr_line' id='line_1_15' title="bbox 156 2061 1810 2145; baseline -0.003 -14"><span class='ocrx_word' id='word_1_134' title='bbox 156 2064 349 2145; x_wconf 87' lang='lat' dir='ltr'>Ortwinum,</span> <span class='ocrx_word' id='word_1_135' title='bbox 383 2064 462 2129; x_wconf 89' lang='lat' dir='ltr'>item</span> <span class='ocrx_word' id='word_1_136' title='bbox 493 2063 578 2130; x_wconf 91' lang='lat' dir='ltr'>filios</span> <span class='ocrx_word' id='word_1_137' title='bbox 610 2063 804 2145; x_wconf 89' lang='lat' dir='ltr'>Marquardi</span> <span class='ocrx_word' id='word_1_138' title='bbox 836 2063 952 2130; x_wconf 83' lang='lat' dir='ltr'>fratris</span> <span class='ocrx_word' id='word_1_139' title='bbox 985 2062 1036 2128; x_wconf 91' lang='lat' dir='ltr'>sui</span> <span class='ocrx_word' id='word_1_140' title='bbox 1065 2063 1292 2145; x_wconf 88' lang='lat' dir='ltr'>Wernherum,</span> <span class='ocrx_word' id='word_1_141' title='bbox 1325 2062 1570 2144; x_wconf 89' lang='lat' dir='ltr'>Marquardum,</span> <span class='ocrx_word' id='word_1_142' title='bbox 1595 2061 1810 2144; x_wconf 89' lang='lat' dir='ltr'>Waltherum,</span> 
     </span>
     <span class='ocr_line' id='line_1_16' title="bbox 156 2167 1812 2253; baseline -0.004 -15"><span class='ocrx_word' id='word_1_143' title='bbox 156 2173 372 2253; x_wconf 85' lang='lat' dir='ltr'>Gerhardum,</span> <span class='ocrx_word' id='word_1_144' title='bbox 398 2168 623 2252; x_wconf 87' lang='lat' dir='ltr'>Godeiridum,</span> <span class='ocrx_word' id='word_1_145' title='bbox 648 2172 872 2237; x_wconf 89' lang='lat' dir='ltr'>Hermannum</span> <span class='ocrx_word' id='word_1_146' title='bbox 896 2177 929 2236; x_wconf 90' lang='lat' dir='ltr'>et</span> <span class='ocrx_word' id='word_1_147' title='bbox 952 2167 1135 2235; x_wconf 83' lang='lat' dir='ltr'>Helfricum</span> <span class='ocrx_word' id='word_1_148' title='bbox 1159 2171 1198 2234; x_wconf 98' lang='grc'>(16</span> <span class='ocrx_word' id='word_1_149' title='bbox 1222 2170 1362 2253; x_wconf 82' lang='lat' dir='ltr'>Bergan,</span> <span class='ocrx_word' id='word_1_150' title='bbox 1388 2189 1428 2234; x_wconf 84' lang='lat' dir='ltr'>ex</span> <span class='ocrx_word' id='word_1_151' title='bbox 1451 2175 1547 2251; x_wconf 89' lang='lat' dir='ltr'>parte</span> <span class='ocrx_word' id='word_1_152' title='bbox 1571 2169 1687 2250; x_wconf 90' lang='lat' dir='ltr'>altera,</span> <span class='ocrx_word' id='word_1_153' title='bbox 1713 2187 1812 2250; x_wconf 92' lang='lat' dir='ltr'>super</span> 
     </span>
     <span class='ocr_line' id='line_1_17' title="bbox 156 2273 1812 2360; baseline -0.002 -17"><span class='ocrx_word' id='word_1_154' title='bbox 156 2280 283 2345; x_wconf 89' lang='lat' dir='ltr'>duobus</span> <span class='ocrx_word' id='word_1_155' title='bbox 306 2277 441 2344; x_wconf 86' lang='lat' dir='ltr'>talentis</span> <span class='ocrx_word' id='word_1_156' title='bbox 467 2277 501 2343; x_wconf 91' lang='grc'>16</span> <span class='ocrx_word' id='word_1_157' title='bbox 524 2278 633 2360; x_wconf 91' lang='lat' dir='ltr'>Nithe‚</span> <span class='ocrx_word' id='word_1_158' title='bbox 666 2298 728 2360; x_wconf 86' lang='lat' dir='ltr'>que</span> <span class='ocrx_word' id='word_1_159' title='bbox 760 2278 823 2344; x_wconf 90' lang='lat' dir='ltr'>sibi</span> <span class='ocrx_word' id='word_1_160' title='bbox 852 2278 1095 2344; x_wconf 85' lang='lat' dir='ltr'>contendebant</span> <span class='ocrx_word' id='word_1_161' title='bbox 1125 2275 1221 2342; x_wconf 91' lang='lat' dir='ltr'>titulo</span> <span class='ocrx_word' id='word_1_162' title='bbox 1252 2273 1342 2341; x_wconf 84' lang='lat' dir='ltr'>feodi</span> <span class='ocrx_word' id='word_1_163' title='bbox 1370 2276 1546 2357; x_wconf 88' lang='lat' dir='ltr'>pertinere,</span> <span class='ocrx_word' id='word_1_164' title='bbox 1578 2294 1688 2341; x_wconf 91' lang='lat' dir='ltr'>coram</span> <span class='ocrx_word' id='word_1_165' title='bbox 1718 2273 1812 2340; x_wconf 88' lang='lat' dir='ltr'>nobis</span> 
     </span>
     <span class='ocr_line' id='line_1_18' title="bbox 156 2380 1813 2467; baseline -0.004 -15"><span class='ocrx_word' id='word_1_166' title='bbox 156 2385 336 2452; x_wconf 88' lang='lat' dir='ltr'>amicabilis</span> <span class='ocrx_word' id='word_1_167' title='bbox 360 2385 556 2467; x_wconf 86' lang='lat' dir='ltr'>composicio</span> <span class='ocrx_word' id='word_1_168' title='bbox 585 2384 773 2467; x_wconf 88' lang='lat' dir='ltr'>intervenit,</span> <span class='ocrx_word' id='word_1_169' title='bbox 804 2384 853 2451; x_wconf 93' lang='lat' dir='ltr'>ita</span> <span class='ocrx_word' id='word_1_170' title='bbox 877 2386 963 2465; x_wconf 86' lang='lat' dir='ltr'>quod</span> <span class='ocrx_word' id='word_1_171' title='bbox 994 2382 1073 2448; x_wconf 91' lang='lat' dir='ltr'>dicti</span> <span class='ocrx_word' id='word_1_172' title='bbox 1102 2382 1180 2448; x_wconf 91' lang='lat' dir='ltr'>laici</span> <span class='ocrx_word' id='word_1_173' title='bbox 1208 2381 1476 2449; x_wconf 84' lang='lat' dir='ltr'>renunciaverint</span> <span class='ocrx_word' id='word_1_174' title='bbox 1506 2381 1593 2448; x_wconf 91' lang='lat' dir='ltr'>omni</span> <span class='ocrx_word' id='word_1_175' title='bbox 1620 2380 1694 2462; x_wconf 90' lang='lat' dir='ltr'>iuri,</span> <span class='ocrx_word' id='word_1_176' title='bbox 1726 2383 1813 2463; x_wconf 87' lang='lat' dir='ltr'>quod</span> 
     </span>
     <span class='ocr_line' id='line_1_19' title="bbox 156 2486 1813 2573; baseline -0.002 -15"><span class='ocrx_word' id='word_1_177' title='bbox 156 2494 323 2559; x_wconf 83' lang='lat' dir='ltr'>habebant</span> <span class='ocrx_word' id='word_1_178' title='bbox 346 2493 399 2559; x_wconf 92' lang='lat' dir='ltr'>vel</span> <span class='ocrx_word' id='word_1_179' title='bbox 422 2493 545 2558; x_wconf 91' lang='lat' dir='ltr'>habere</span> <span class='ocrx_word' id='word_1_180' title='bbox 568 2491 767 2558; x_wconf 87' lang='lat' dir='ltr'>videbantur</span> <span class='ocrx_word' id='word_1_181' title='bbox 789 2491 823 2557; x_wconf 94' lang='grc'>16</span> <span class='ocrx_word' id='word_1_182' title='bbox 848 2490 1004 2573; x_wconf 88' lang='lat' dir='ltr'>predictis</span> <span class='ocrx_word' id='word_1_183' title='bbox 1029 2489 1183 2572; x_wconf 85' lang='lat' dir='ltr'>talentis,¹</span> <span class='ocrx_word' id='word_1_184' title='bbox 1200 2496 1233 2556; x_wconf 91' lang='grc'>61</span> <span class='ocrx_word' id='word_1_185' title='bbox 1250 2495 1385 2572; x_wconf 89' lang='lat' dir='ltr'>propter</span> <span class='ocrx_word' id='word_1_186' title='bbox 1400 2488 1685 2555; x_wconf 76' lang='lat' dir='ltr'>renunciationem</span> <span class='ocrx_word' id='word_1_187' title='bbox 1701 2486 1813 2554; x_wconf 83' lang='lat' dir='ltr'>huius-</span> 
     </span>
     <span class='ocr_line' id='line_1_20' title="bbox 156 2593 1811 2682; baseline -0.004 -16"><span class='ocrx_word' id='word_1_188' title='bbox 156 2600 243 2666; x_wconf 87' lang='lat' dir='ltr'>modi</span> <span class='ocrx_word' id='word_1_189' title='bbox 258 2599 444 2682; x_wconf 89' lang='lat' dir='ltr'>prepositus</span> <span class='ocrx_word' id='word_1_190' title='bbox 460 2605 494 2665; x_wconf 90' lang='lat' dir='ltr'>et</span> <span class='ocrx_word' id='word_1_191' title='bbox 511 2598 650 2665; x_wconf 90' lang='lat' dir='ltr'>ecclesia</span> <span class='ocrx_word' id='word_1_192' title='bbox 663 2601 824 2665; x_wconf 91' lang='lat' dir='ltr'>dederunt</span> <span class='ocrx_word' id='word_1_193' title='bbox 840 2597 887 2664; x_wconf 90' lang='lat' dir='ltr'>eis</span> <span class='ocrx_word' id='word_1_194' title='bbox 898 2598 950 2662; x_wconf 88' lang='lat' dir='ltr'>IX</span> <span class='ocrx_word' id='word_1_195' title='bbox 963 2617 1101 2664; x_wconf 88' lang='lat' dir='ltr'>marcas.</span> <span class='ocrx_word' id='word_1_196' title='bbox 1127 2597 1245 2662; x_wconf 83' lang='grc'><strong>’166166</strong></span> <span class='ocrx_word' id='word_1_197' title='bbox 1257 2603 1350 2662; x_wconf 90' lang='lat' dir='ltr'>sunt:</span> <span class='ocrx_word' id='word_1_198' title='bbox 1369 2593 1568 2664; x_wconf 84' lang='lat' dir='ltr'>Godeiridus</span> <span class='ocrx_word' id='word_1_199' title='bbox 1581 2595 1811 2678; x_wconf 90' lang='lat' dir='ltr'>parochianus,</span> 
     </span>
     <span class='ocr_line' id='line_1_21' title="bbox 157 2700 1812 2789; baseline -0.004 -17"><span class='ocrx_word' id='word_1_200' title='bbox 157 2708 361 2789; x_wconf 90' lang='lat' dir='ltr'>Burkardus,</span> <span class='ocrx_word' id='word_1_201' title='bbox 387 2705 577 2788; x_wconf 88' lang='lat' dir='ltr'>Reinoldus,</span> <span class='ocrx_word' id='word_1_202' title='bbox 603 2707 784 2788; x_wconf 86' lang='lat' dir='ltr'>Cunradus,</span> <span class='ocrx_word' id='word_1_203' title='bbox 810 2704 996 2788; x_wconf 89' lang='lat' dir='ltr'>Heinricus,</span> <span class='ocrx_word' id='word_1_204' title='bbox 1022 2703 1172 2771; x_wconf 89' lang='lat' dir='ltr'>canonici</span> <span class='ocrx_word' id='word_1_205' title='bbox 1194 2705 1234 2769; x_wconf 92' lang='lat' dir='ltr'>de</span> <span class='ocrx_word' id='word_1_206' title='bbox 1257 2704 1509 2784; x_wconf 82' lang='lat' dir='ltr'>Frankenvort3</span> <span class='ocrx_word' id='word_1_207' title='bbox 1534 2701 1704 2768; x_wconf 89' lang='lat' dir='ltr'>Johannes</span> <span class='ocrx_word' id='word_1_208' title='bbox 1726 2700 1812 2766; x_wconf 88' lang='lat' dir='ltr'>filins</span> 
     </span>
     <span class='ocr_line' id='line_1_22' title="bbox 157 2807 1811 2895; baseline -0.004 -16"><span class='ocrx_word' id='word_1_209' title='bbox 157 2813 321 2894; x_wconf 88' lang='lat' dir='ltr'>advocati,</span> <span class='ocrx_word' id='word_1_210' title='bbox 354 2813 523 2895; x_wconf 86' lang='lat' dir='ltr'>Rupertus</span> <span class='ocrx_word' id='word_1_211' title='bbox 554 2815 593 2879; x_wconf 93' lang='lat' dir='ltr'>de</span> <span class='ocrx_word' id='word_1_212' title='bbox 625 2813 860 2894; x_wconf 86' lang='lat' dir='ltr'>Sassenhusen,</span> <span class='ocrx_word' id='word_1_213' title='bbox 891 2810 1068 2878; x_wconf 91' lang='lat' dir='ltr'>Heinricus</span> <span class='ocrx_word' id='word_1_214' title='bbox 1098 2813 1139 2877; x_wconf 93' lang='lat' dir='ltr'>de</span> <span class='ocrx_word' id='word_1_215' title='bbox 1168 2811 1380 2893; x_wconf 88' lang='lat' dir='ltr'>Bonemesen,</span> <span class='ocrx_word' id='word_1_216' title='bbox 1413 2810 1585 2876; x_wconf 81' lang='lat' dir='ltr'>Cunradus</span> <span class='ocrx_word' id='word_1_217' title='bbox 1608 2807 1811 2892; x_wconf 83' lang='lat' dir='ltr'>Meisenbug,</span> 
     </span>
     <span class='ocr_line' id='line_1_23' title="bbox 156 2914 1811 3002; baseline -0.003 -17"><span class='ocrx_word' id='word_1_218' title='bbox 156 2921 377 3001; x_wconf 87' lang='lat' dir='ltr'>Marquardus</span> <span class='ocrx_word' id='word_1_219' title='bbox 412 2923 453 2986; x_wconf 93' lang='grc'>(16</span> <span class='ocrx_word' id='word_1_220' title='bbox 488 2921 631 3001; x_wconf 89' lang='lat' dir='ltr'>Buchen,</span> <span class='ocrx_word' id='word_1_221' title='bbox 668 2919 823 2986; x_wconf 87' lang='lat' dir='ltr'>Rukerus</span> <span class='ocrx_word' id='word_1_222' title='bbox 847 2922 886 2985; x_wconf 92' lang='lat' dir='ltr'>de</span> <span class='ocrx_word' id='word_1_223' title='bbox 922 2919 1084 3002; x_wconf 88' lang='lat' dir='ltr'>Birkelar,</span> <span class='ocrx_word' id='word_1_224' title='bbox 1121 2916 1324 2984; x_wconf 87' lang='lat' dir='ltr'>Wortwinus</span> <span class='ocrx_word' id='word_1_225' title='bbox 1359 2919 1399 2983; x_wconf 92' lang='lat' dir='ltr'>de</span> <span class='ocrx_word' id='word_1_226' title='bbox 1433 2916 1635 2998; x_wconf 80' lang='lat' dir='ltr'>wirzeburc,</span> <span class='ocrx_word' id='word_1_227' title='bbox 1675 2914 1811 2996; x_wconf 73' lang='lat' dir='ltr'>milites,</span> 
     </span>
     <span class='ocr_line' id='line_1_24' title="bbox 156 3022 1810 3110; baseline -0.004 -17"><span class='ocrx_word' id='word_1_228' title='bbox 156 3029 179 3093; x_wconf 86' lang='lat' dir='ltr'><strong>J</strong></span> <span class='ocrx_word' id='word_1_229' title='bbox 181 3027 326 3094; x_wconf 88' lang='lat' dir='ltr'>ohannes</span> <span class='ocrx_word' id='word_1_230' title='bbox 351 3027 526 3108; x_wconf 81' lang='lat' dir='ltr'>Goltstein,</span> <span class='ocrx_word' id='word_1_231' title='bbox 552 3027 761 3093; x_wconf 90' lang='lat' dir='ltr'>Hermannus</span> <span class='ocrx_word' id='word_1_232' title='bbox 784 3026 896 3110; x_wconf 81' lang='lat' dir='ltr'>Niger,</span> <span class='ocrx_word' id='word_1_233' title='bbox 913 3024 1096 3110; x_wconf 86' lang='lat' dir='ltr'>Wigandus</span> <span class='ocrx_word' id='word_1_234' title='bbox 1120 3028 1160 3092; x_wconf 92' lang='grc'>(16</span> <span class='ocrx_word' id='word_1_235' title='bbox 1176 3024 1400 3106; x_wconf 86' lang='lat' dir='ltr'>Escheburne,</span> <span class='ocrx_word' id='word_1_236' title='bbox 1418 3023 1560 3104; x_wconf 89' lang='lat' dir='ltr'>Ulrious,</span> <span class='ocrx_word' id='word_1_237' title='bbox 1586 3022 1810 3100; x_wconf 88' lang='lat' dir='ltr'>Baldemarus,</span> 
     </span>
     <span class='ocr_line' id='line_1_25' title="bbox 157 3128 1812 3218; baseline -0.004 -19"><span class='ocrx_word' id='word_1_238' title='bbox 157 3135 329 3200; x_wconf 83' lang='lat' dir='ltr'>Cunradus</span> <span class='ocrx_word' id='word_1_239' title='bbox 353 3135 490 3216; x_wconf 89' lang='lat' dir='ltr'>Rusere,</span> <span class='ocrx_word' id='word_1_240' title='bbox 516 3134 761 3218; x_wconf 78' lang='lat' dir='ltr'>TegenharduS,</span> <span class='ocrx_word' id='word_1_241' title='bbox 786 3133 967 3216; x_wconf 83' lang='lat' dir='ltr'>Nidungus,</span> <span class='ocrx_word' id='word_1_242' title='bbox 1000 3131 1176 3198; x_wconf 89' lang='lat' dir='ltr'>Heinricus</span> <span class='ocrx_word' id='word_1_243' title='bbox 1200 3133 1240 3197; x_wconf 93' lang='grc'>(16</span> <span class='ocrx_word' id='word_1_244' title='bbox 1262 3130 1459 3214; x_wconf 84' lang='lat' dir='ltr'>Langestat,</span> <span class='ocrx_word' id='word_1_245' title='bbox 1491 3128 1627 3210; x_wconf 89' lang='lat' dir='ltr'>scabini,</span> <span class='ocrx_word' id='word_1_246' title='bbox 1659 3135 1692 3194; x_wconf 91' lang='grc'>61</span> <span class='ocrx_word' id='word_1_247' title='bbox 1716 3146 1812 3211; x_wconf 88' lang='lat' dir='ltr'>quam</span> 
     </span>
     <span class='ocr_line' id='line_1_26' title="bbox 157 3235 1811 3323; baseline -0.004 -16"><span class='ocrx_word' id='word_1_248' title='bbox 157 3241 267 3323; x_wconf 89' lang='lat' dir='ltr'>plures</span> <span class='ocrx_word' id='word_1_249' title='bbox 291 3240 348 3307; x_wconf 92' lang='grc'><strong>6111</strong></span> <span class='ocrx_word' id='word_1_250' title='bbox 370 3241 477 3307; x_wconf 90' lang='grc'><strong>666111</strong></span> <span class='ocrx_word' id='word_1_251' title='bbox 500 3240 660 3307; x_wconf 87' lang='grc'><strong>66661166,</strong></span> <span class='ocrx_word' id='word_1_252' title='bbox 696 3242 745 3307; x_wconf 92' lang='grc' dir='ltr'>Ν6</span> <span class='ocrx_word' id='word_1_253' title='bbox 770 3247 879 3306; x_wconf 87' lang='lat' dir='ltr'>autem</span> <span class='ocrx_word' id='word_1_254' title='bbox 903 3259 1001 3322; x_wconf 89' lang='lat' dir='ltr'>super</span> <span class='ocrx_word' id='word_1_255' title='bbox 1025 3239 1086 3304; x_wconf 90' lang='lat' dir='ltr'>hoc</span> <span class='ocrx_word' id='word_1_256' title='bbox 1102 3237 1238 3323; x_wconf 86' lang='lat' dir='ltr'>negocio</span> <span class='ocrx_word' id='word_1_257' title='bbox 1258 3237 1299 3303; x_wconf 91' lang='lat' dir='ltr'>lis</span> <span class='ocrx_word' id='word_1_258' title='bbox 1316 3236 1427 3319; x_wconf 89' lang='lat' dir='ltr'>aliqua</span> <span class='ocrx_word' id='word_1_259' title='bbox 1441 3237 1475 3303; x_wconf 92' lang='lat' dir='ltr'>in</span> <span class='ocrx_word' id='word_1_260' title='bbox 1492 3243 1658 3318; x_wconf 87' lang='lat' dir='ltr'>posterum</span> <span class='ocrx_word' id='word_1_261' title='bbox 1675 3235 1811 3317; x_wconf 89' lang='lat' dir='ltr'>oriatur,</span> 
     </span>
     <span class='ocr_line' id='line_1_27' title="bbox 157 3344 1812 3432; baseline -0.003 -19"><span class='ocrx_word' id='word_1_262' title='bbox 157 3347 273 3430; x_wconf 82' lang='lat' dir='ltr'>sigillis</span> <span class='ocrx_word' id='word_1_263' title='bbox 297 3347 419 3413; x_wconf 89' lang='lat' dir='ltr'>nostris</span> <span class='ocrx_word' id='word_1_264' title='bbox 443 3346 578 3414; x_wconf 84' lang='lat' dir='ltr'>lecimus</span> <span class='ocrx_word' id='word_1_265' title='bbox 602 3349 687 3413; x_wconf 89' lang='lat' dir='ltr'>hano</span> <span class='ocrx_word' id='word_1_266' title='bbox 711 3347 864 3432; x_wconf 80' lang='lat' dir='ltr'>paginam</span> <span class='ocrx_word' id='word_1_267' title='bbox 896 3344 1095 3412; x_wconf 89' lang='lat' dir='ltr'>communiri.</span> <span class='ocrx_word' id='word_1_268' title='bbox 1143 3345 1232 3412; x_wconf 88' lang='lat' dir='ltr'>Acta</span> <span class='ocrx_word' id='word_1_269' title='bbox 1261 3350 1339 3410; x_wconf 88' lang='lat' dir='ltr'>sunt</span> <span class='ocrx_word' id='word_1_270' title='bbox 1367 3346 1427 3410; x_wconf 92' lang='lat' dir='ltr'>hec</span> <span class='ocrx_word' id='word_1_271' title='bbox 1450 3345 1693 3426; x_wconf 79' lang='lat' dir='ltr'>Frankenvort,</span> <span class='ocrx_word' id='word_1_272' title='bbox 1726 3361 1812 3409; x_wconf 92' lang='lat' dir='ltr'>anno</span> 
     </span>
     <span class='ocr_line' id='line_1_28' title="bbox 156 3433 1204 3534; baseline -0.001 -14"><span class='ocrx_word' id='word_1_273' title='bbox 156 3453 397 3521; x_wconf 88' lang='lat' dir='ltr'>incarnacionis</span> <span class='ocrx_word' id='word_1_274' title='bbox 421 3434 647 3521; x_wconf 75' lang='lat' dir='ltr'>dominicali.</span> <span class='ocrx_word' id='word_1_275' title='bbox 674 3433 735 3521; x_wconf 61' lang='grc' dir='ltr'>Οἳ).</span> <span class='ocrx_word' id='word_1_276' title='bbox 764 3433 906 3534; x_wconf 68' lang='lat' dir='ltr'>xiim,</span> <span class='ocrx_word' id='word_1_277' title='bbox 931 3453 1003 3518; x_wconf 90' lang='lat' dir='ltr'>IIII</span> <span class='ocrx_word' id='word_1_278' title='bbox 1027 3452 1093 3522; x_wconf 88' lang='lat' dir='ltr'>kal.</span> <span class='ocrx_word' id='word_1_279' title='bbox 1118 3451 1204 3519; x_wconf 90' lang='lat' dir='ltr'>maii.</span> 
     </span>
    </p>
   </div>
   <div class='ocr_carea' id='block_1_6' title="bbox 371 3579 1704 3754">
    <p class='ocr_par' dir='ltr' id='par_1_6' title="bbox 371 3579 1704 3754">
     <span class='ocr_line' id='line_1_29' title="bbox 371 3579 1704 3667; baseline -0.004 -16"><span class='ocrx_word' id='word_1_280' title='bbox 371 3579 471 3652; x_wconf 58' lang='lat' dir='ltr'>caea.-</span> <span class='ocrx_word' id='word_1_281' title='bbox 488 3595 615 3662; x_wconf 75' lang='grc'><strong>6666,</strong></span> <span class='ocrx_word' id='word_1_282' title='bbox 635 3597 690 3651; x_wconf 74' lang='lat' dir='ltr'>aa</span> <span class='ocrx_word' id='word_1_283' title='bbox 706 3596 842 3667; x_wconf 68' lang='lat' dir='ltr'>nequet,</span> <span class='ocrx_word' id='word_1_284' title='bbox 860 3595 904 3664; x_wconf 85' lang='lat' dir='ltr'>H,</span> <span class='ocrx_word' id='word_1_285' title='bbox 924 3599 985 3664; x_wconf 79' lang='grc'><strong>666,</strong></span> <span class='ocrx_word' id='word_1_286' title='bbox 999 3618 1031 3640; x_wconf 91' lang='lat'><strong><em>=</em></strong></span> <span class='ocrx_word' id='word_1_287' title='bbox 1046 3595 1144 3663; x_wconf 80' lang='grc'><strong>6.,66,</strong></span> <span class='ocrx_word' id='word_1_288' title='bbox 1165 3594 1265 3662; x_wconf 70' lang='lat' dir='ltr'>saue,</span> <span class='ocrx_word' id='word_1_289' title='bbox 1282 3593 1309 3662; x_wconf 84' lang='lat'>1,</span> <span class='ocrx_word' id='word_1_290' title='bbox 1326 3593 1580 3660; x_wconf 72' lang='grc'><strong>6161166666,</strong></span> <span class='ocrx_word' id='word_1_291' title='bbox 1598 3593 1625 3660; x_wconf 84' lang='grc'>1,</span> <span class='ocrx_word' id='word_1_292' title='bbox 1644 3597 1704 3647; x_wconf 81' lang='lat'><em>121.</em></span> 
     </span>
     <span class='ocr_line' id='line_1_30' title="bbox 375 3684 1049 3754; baseline -0.003 -15"><span class='ocrx_word' id='word_1_293' title='bbox 375 3685 468 3740; x_wconf 71' lang='lat' dir='ltr'>Vera:</span> <span class='ocrx_word' id='word_1_294' title='bbox 485 3684 592 3754; x_wconf 69' lang='lat' dir='ltr'>meua,</span> <span class='ocrx_word' id='word_1_295' title='bbox 611 3685 673 3754; x_wconf 89' lang='grc' dir='ltr'><strong><em>ΙΙΙ,</em></strong></span> <span class='ocrx_word' id='word_1_296' title='bbox 693 3685 746 3738; x_wconf 91' lang='lat' dir='ltr'>No.</span> <span class='ocrx_word' id='word_1_297' title='bbox 762 3689 831 3740; x_wconf 83' lang='grc'><strong>1285</strong></span> <span class='ocrx_word' id='word_1_298' title='bbox 850 3701 885 3739; x_wconf 77' lang='lat' dir='ltr'>eu</span> <span class='ocrx_word' id='word_1_299' title='bbox 903 3685 988 3754; x_wconf 82' lang='lat' dir='ltr'>April</span> <span class='ocrx_word' id='word_1_300' title='bbox 1005 3687 1049 3738; x_wconf 88' lang='grc'>29.</span> 
     </span>
    </p>
   </div>
   <div class='ocr_carea' id='block_1_7' title="bbox 157 3903 1813 4111">
    <p class='ocr_par' dir='ltr' id='par_1_7' title="bbox 157 3903 1813 4111">
     <span class='ocr_line' id='line_1_31' title="bbox 157 3903 1813 4004; baseline -0.004 -17"><span class='ocrx_word' id='word_1_301' title='bbox 157 3911 221 3987; x_wconf 80' lang='grc'>67.</span> <span class='ocrx_word' id='word_1_302' title='bbox 246 3919 315 3984; x_wconf 83' lang='lat' dir='ltr'>Der</span> <span class='ocrx_word' id='word_1_303' title='bbox 343 3917 562 4001; x_wconf 76' lang='lat' dir='ltr'>Fraohserter</span> <span class='ocrx_word' id='word_1_304' title='bbox 591 3919 722 4004; x_wconf 76' lang='lat' dir='ltr'>Bilryer</span> <span class='ocrx_word' id='word_1_305' title='bbox 751 3919 928 3983; x_wconf 81' lang='lat' dir='ltr'>Baldemar</span> <span class='ocrx_word' id='word_1_306' title='bbox 959 3917 1025 3981; x_wconf 80' lang='grc'><strong>1161</strong></span> <span class='ocrx_word' id='word_1_307' title='bbox 1057 3918 1168 3982; x_wconf 82' lang='lat' dir='ltr'>desseu</span> <span class='ocrx_word' id='word_1_308' title='bbox 1194 3917 1289 3982; x_wconf 71' lang='grc'><strong>1166</strong></span> <span class='ocrx_word' id='word_1_309' title='bbox 1323 3914 1498 3982; x_wconf 61' lang='lat' dir='ltr'>cesarea</span> <span class='ocrx_word' id='word_1_310' title='bbox 1529 3903 1712 3981; x_wconf 80' lang='grc'><strong>6611666166</strong></span> <span class='ocrx_word' id='word_1_311' title='bbox 1743 3915 1813 3980; x_wconf 84' lang='lat' dir='ltr'>dem</span> 
     </span>
     <span class='ocr_line' id='line_1_32' title="bbox 245 4023 1811 4111; baseline -0.003 -20"><span class='ocrx_word' id='word_1_312' title='bbox 245 4027 378 4092; x_wconf 83' lang='lat' dir='ltr'>Kloster</span> <span class='ocrx_word' id='word_1_313' title='bbox 400 4024 573 4111; x_wconf 75' lang='lat' dir='ltr'>Arosborp</span> <span class='ocrx_word' id='word_1_314' title='bbox 596 4028 647 4090; x_wconf 81' lang='lat' dir='ltr'>ihr</span> <span class='ocrx_word' id='word_1_315' title='bbox 670 4027 874 4091; x_wconf 77' lang='lat' dir='ltr'>recordantes</span> <span class='ocrx_word' id='word_1_316' title='bbox 897 4023 993 4088; x_wconf 82' lang='lat' dir='ltr'>Heus</span> <span class='ocrx_word' id='word_1_317' title='bbox 1024 4025 1070 4088; x_wconf 81' lang='lat' dir='ltr'>hei</span> <span class='ocrx_word' id='word_1_318' title='bbox 1096 4025 1153 4088; x_wconf 85' lang='lat' dir='ltr'>der</span> <span class='ocrx_word' id='word_1_319' title='bbox 1175 4023 1381 4088; x_wconf 69' lang='lat' dir='ltr'>Bructerae</span> <span class='ocrx_word' id='word_1_320' title='bbox 1409 4024 1465 4088; x_wconf 87' lang='lat' dir='ltr'>der</span> <span class='ocrx_word' id='word_1_321' title='bbox 1494 4044 1618 4107; x_wconf 78' lang='lat' dir='ltr'>paaeea</span> <span class='ocrx_word' id='word_1_322' title='bbox 1640 4023 1811 4104; x_wconf 76' lang='lat' dir='ltr'>Hofstdtte.</span> 
     </span>
    </p>
   </div>
   <div class='ocr_carea' id='block_1_8' title="bbox 247 4133 516 4199">
    <p class='ocr_par' dir='ltr' id='par_1_8' title="bbox 247 4133 516 4199">
     <span class='ocr_line' id='line_1_33' title="bbox 247 4133 516 4199; baseline 0 0"><span class='ocrx_word' id='word_1_323' title='bbox 247 4139 334 4199; x_wconf 86' lang='grc'><strong>1223</strong></span> <span class='ocrx_word' id='word_1_324' title='bbox 357 4133 440 4199; x_wconf 82' lang='lat' dir='ltr'>Jom&#39;</span> <span class='ocrx_word' id='word_1_325' title='bbox 463 4138 516 4199; x_wconf 85' lang='lat'>30.</span> 
     </span>
    </p>
   </div>
   <div class='ocr_carea' id='block_1_9' title="bbox 156 4272 1813 5106">
    <p class='ocr_par' dir='ltr' id='par_1_9' title="bbox 156 4272 1813 5106">
     <span class='ocr_line' id='line_1_34' title="bbox 263 4272 1813 4360; baseline -0.003 -17"><span class='ocrx_word' id='word_1_326' title='bbox 263 4276 336 4360; x_wconf 84' lang='lat' dir='ltr'>Ego</span> <span class='ocrx_word' id='word_1_327' title='bbox 360 4277 575 4343; x_wconf 91' lang='lat' dir='ltr'>Baldemarus</span> <span class='ocrx_word' id='word_1_328' title='bbox 598 4274 773 4359; x_wconf 84' lang='lat' dir='ltr'>burgensis</span> <span class='ocrx_word' id='word_1_329' title='bbox 796 4274 830 4340; x_wconf 91' lang='grc'>16</span> <span class='ocrx_word' id='word_1_330' title='bbox 853 4273 1081 4342; x_wconf 83' lang='lat' dir='ltr'>Frankinvort</span> <span class='ocrx_word' id='word_1_331' title='bbox 1105 4279 1139 4340; x_wconf 91' lang='lat' dir='ltr'>et</span> <span class='ocrx_word' id='word_1_332' title='bbox 1162 4293 1245 4339; x_wconf 83' lang='lat' dir='ltr'>uxor</span> <span class='ocrx_word' id='word_1_333' title='bbox 1273 4293 1346 4340; x_wconf 89' lang='lat' dir='ltr'>mea</span> <span class='ocrx_word' id='word_1_334' title='bbox 1370 4273 1552 4341; x_wconf 82' lang='grc'><strong>(1116166116</strong></span> <span class='ocrx_word' id='word_1_335' title='bbox 1575 4272 1813 4339; x_wconf 86' lang='lat' dir='ltr'>communicata</span> 
     </span>
     <span class='ocr_line' id='line_1_35' title="bbox 156 4379 1813 4466; baseline -0.002 -16"><span class='ocrx_word' id='word_1_336' title='bbox 156 4403 255 4450; x_wconf 91' lang='lat' dir='ltr'>manu</span> <span class='ocrx_word' id='word_1_337' title='bbox 278 4390 313 4449; x_wconf 93' lang='grc'>61</span> <span class='ocrx_word' id='word_1_338' title='bbox 336 4381 439 4465; x_wconf 81' lang='lat' dir='ltr'>pallri</span> <span class='ocrx_word' id='word_1_339' title='bbox 462 4402 623 4449; x_wconf 89' lang='lat' dir='ltr'>consensu</span> <span class='ocrx_word' id='word_1_340' title='bbox 645 4381 827 4466; x_wconf 86' lang='lat' dir='ltr'>legavimus</span> <span class='ocrx_word' id='word_1_341' title='bbox 851 4381 987 4448; x_wconf 90' lang='lat' dir='ltr'>ecclesie</span> <span class='ocrx_word' id='word_1_342' title='bbox 1010 4380 1045 4447; x_wconf 90' lang='lat' dir='ltr'>in</span> <span class='ocrx_word' id='word_1_343' title='bbox 1060 4381 1251 4446; x_wconf 86' lang='lat' dir='ltr'>Arnesburc</span> <span class='ocrx_word' id='word_1_344' title='bbox 1273 4380 1396 4446; x_wconf 91' lang='lat' dir='ltr'>intuitu</span> <span class='ocrx_word' id='word_1_345' title='bbox 1415 4379 1524 4446; x_wconf 88' lang='lat' dir='ltr'>divine</span> <span class='ocrx_word' id='word_1_346' title='bbox 1540 4379 1813 4446; x_wconf 89' lang='lat' dir='ltr'>remunerationis</span> 
     </span>
     <span class='ocr_line' id='line_1_36' title="bbox 158 4488 1812 4572; baseline -0.002 -16"><span class='ocrx_word' id='word_1_347' title='bbox 158 4511 197 4557; x_wconf 89' lang='lat' dir='ltr'>ao</span> <span class='ocrx_word' id='word_1_348' title='bbox 222 4510 281 4572; x_wconf 92' lang='lat' dir='ltr'>pro</span> <span class='ocrx_word' id='word_1_349' title='bbox 308 4490 450 4556; x_wconf 90' lang='lat' dir='ltr'>remedio</span> <span class='ocrx_word' id='word_1_350' title='bbox 481 4489 660 4556; x_wconf 90' lang='lat' dir='ltr'>animarum</span> <span class='ocrx_word' id='word_1_351' title='bbox 677 4488 702 4562; x_wconf 83' lang='grc'>11</span> <span class='ocrx_word' id='word_1_352' title='bbox 719 4497 916 4570; x_wconf 87' lang='grc'><strong>6661161616,</strong></span> <span class='ocrx_word' id='word_1_353' title='bbox 949 4507 1075 4554; x_wconf 88' lang='lat' dir='ltr'>necnon</span> <span class='ocrx_word' id='word_1_354' title='bbox 1106 4493 1278 4570; x_wconf 89' lang='lat' dir='ltr'>parentum</span> <span class='ocrx_word' id='word_1_355' title='bbox 1309 4494 1504 4569; x_wconf 89' lang='lat' dir='ltr'>nostrorum,</span> <span class='ocrx_word' id='word_1_356' title='bbox 1536 4505 1655 4555; x_wconf 91' lang='lat' dir='ltr'>novam</span> <span class='ocrx_word' id='word_1_357' title='bbox 1685 4490 1812 4553; x_wconf 90' lang='lat' dir='ltr'>domum</span> 
     </span>
     <span class='ocr_line' id='line_1_37' title="bbox 157 4592 1812 4680; baseline -0.003 -16"><span class='ocrx_word' id='word_1_358' title='bbox 157 4604 314 4680; x_wconf 88' lang='lat' dir='ltr'>nostram,</span> <span class='ocrx_word' id='word_1_359' title='bbox 339 4617 435 4679; x_wconf 88' lang='lat' dir='ltr'>quam</span> <span class='ocrx_word' id='word_1_360' title='bbox 460 4600 548 4680; x_wconf 91' lang='lat' dir='ltr'>apud</span> <span class='ocrx_word' id='word_1_361' title='bbox 572 4603 703 4679; x_wconf 88' lang='lat' dir='ltr'>pontem</span> <span class='ocrx_word' id='word_1_362' title='bbox 727 4595 959 4678; x_wconf 85' lang='lat' dir='ltr'>edificavimus,</span> <span class='ocrx_word' id='word_1_363' title='bbox 985 4602 1019 4662; x_wconf 91' lang='lat' dir='ltr'>et</span> <span class='ocrx_word' id='word_1_364' title='bbox 1042 4601 1145 4660; x_wconf 90' lang='lat' dir='ltr'>totam</span> <span class='ocrx_word' id='word_1_365' title='bbox 1170 4613 1280 4661; x_wconf 87' lang='lat' dir='ltr'>aream</span> <span class='ocrx_word' id='word_1_366' title='bbox 1296 4594 1396 4677; x_wconf 89' lang='lat' dir='ltr'>illam,</span> <span class='ocrx_word' id='word_1_367' title='bbox 1411 4592 1437 4667; x_wconf 84' lang='lat' dir='ltr'>li</span> <span class='ocrx_word' id='word_1_368' title='bbox 1455 4613 1550 4676; x_wconf 87' lang='lat' dir='ltr'>quam</span> <span class='ocrx_word' id='word_1_369' title='bbox 1570 4596 1683 4659; x_wconf 89' lang='lat' dir='ltr'>domus</span> <span class='ocrx_word' id='word_1_370' title='bbox 1699 4596 1812 4660; x_wconf 91' lang='lat' dir='ltr'>eadem</span> 
     </span>
     <span class='ocr_line' id='line_1_38' title="bbox 157 4699 1812 4788; baseline -0.005 -15"><span class='ocrx_word' id='word_1_371' title='bbox 157 4711 308 4788; x_wconf 90' lang='lat' dir='ltr'>occupat,</span> <span class='ocrx_word' id='word_1_372' title='bbox 333 4704 382 4771; x_wconf 91' lang='lat' dir='ltr'>ita</span> <span class='ocrx_word' id='word_1_373' title='bbox 406 4724 495 4786; x_wconf 89' lang='lat' dir='ltr'>sane,</span> <span class='ocrx_word' id='word_1_374' title='bbox 520 4711 558 4770; x_wconf 91' lang='lat' dir='ltr'>ut</span> <span class='ocrx_word' id='word_1_375' title='bbox 581 4703 651 4771; x_wconf 88' lang='lat' dir='ltr'>sive</span> <span class='ocrx_word' id='word_1_376' title='bbox 675 4704 797 4786; x_wconf 90' lang='lat' dir='ltr'>prolem</span> <span class='ocrx_word' id='word_1_377' title='bbox 821 4703 1038 4787; x_wconf 75' lang='lat' dir='ltr'>genuerimus</span> <span class='ocrx_word' id='word_1_378' title='bbox 1072 4721 1129 4768; x_wconf 89' lang='lat' dir='ltr'>scu</span> <span class='ocrx_word' id='word_1_379' title='bbox 1157 4721 1217 4785; x_wconf 86' lang='lat' dir='ltr'>ego</span> <span class='ocrx_word' id='word_1_380' title='bbox 1242 4708 1430 4783; x_wconf 89' lang='lat' dir='ltr'>premortua</span> <span class='ocrx_word' id='word_1_381' title='bbox 1459 4699 1525 4766; x_wconf 89' lang='lat' dir='ltr'>iam</span> <span class='ocrx_word' id='word_1_382' title='bbox 1555 4699 1645 4765; x_wconf 89' lang='lat' dir='ltr'>dicta</span> <span class='ocrx_word' id='word_1_383' title='bbox 1675 4699 1812 4783; x_wconf 82' lang='lat' dir='ltr'>coniuge</span> 
     </span>
     <span class='ocr_line' id='line_1_39' title="bbox 157 4805 1811 4895; baseline -0.004 -17"><span class='ocrx_word' id='word_1_384' title='bbox 157 4831 230 4878; x_wconf 90' lang='lat' dir='ltr'>mea</span> <span class='ocrx_word' id='word_1_385' title='bbox 254 4815 293 4878; x_wconf 92' lang='grc'>(16</span> <span class='ocrx_word' id='word_1_386' title='bbox 317 4811 425 4877; x_wconf 91' lang='lat' dir='ltr'>altera</span> <span class='ocrx_word' id='word_1_387' title='bbox 448 4827 591 4895; x_wconf 83' lang='lat' dir='ltr'>genuero</span> <span class='ocrx_word' id='word_1_388' title='bbox 614 4811 775 4893; x_wconf 89' lang='lat' dir='ltr'>heredem,</span> <span class='ocrx_word' id='word_1_389' title='bbox 808 4809 877 4876; x_wconf 90' lang='lat' dir='ltr'>sive</span> <span class='ocrx_word' id='word_1_390' title='bbox 899 4809 974 4892; x_wconf 90' lang='lat' dir='ltr'>ipsa</span> <span class='ocrx_word' id='word_1_391' title='bbox 997 4829 1046 4875; x_wconf 93' lang='lat' dir='ltr'>me</span> <span class='ocrx_word' id='word_1_392' title='bbox 1070 4814 1258 4892; x_wconf 90' lang='lat' dir='ltr'>premortuo</span> <span class='ocrx_word' id='word_1_393' title='bbox 1289 4810 1329 4873; x_wconf 90' lang='lat' dir='ltr'>de</span> <span class='ocrx_word' id='word_1_394' title='bbox 1353 4806 1458 4873; x_wconf 91' lang='lat' dir='ltr'>altero</span> <span class='ocrx_word' id='word_1_395' title='bbox 1487 4805 1605 4872; x_wconf 87' lang='lat' dir='ltr'>marito</span> <span class='ocrx_word' id='word_1_396' title='bbox 1636 4806 1811 4888; x_wconf 89' lang='lat' dir='ltr'>pepererit,</span> 
     </span>
     <span class='ocr_line' id='line_1_40' title="bbox 157 4913 1813 5001; baseline -0.002 -17"><span class='ocrx_word' id='word_1_397' title='bbox 157 4918 385 4986; x_wconf 89' lang='lat' dir='ltr'>nichilominus</span> <span class='ocrx_word' id='word_1_398' title='bbox 408 4919 636 5001; x_wconf 87' lang='lat' dir='ltr'>prenominata</span> <span class='ocrx_word' id='word_1_399' title='bbox 659 4917 798 4984; x_wconf 90' lang='lat' dir='ltr'>ecclesia</span> <span class='ocrx_word' id='word_1_400' title='bbox 821 4916 856 4983; x_wconf 89' lang='lat' dir='ltr'>in</span> <span class='ocrx_word' id='word_1_401' title='bbox 878 4918 1069 4983; x_wconf 82' lang='lat' dir='ltr'>Arnesburc</span> <span class='ocrx_word' id='word_1_402' title='bbox 1100 4919 1193 4982; x_wconf 89' lang='lat' dir='ltr'>domo</span> <span class='ocrx_word' id='word_1_403' title='bbox 1220 4916 1333 4998; x_wconf 86' lang='lat' dir='ltr'>legata</span> <span class='ocrx_word' id='word_1_404' title='bbox 1363 4919 1397 4980; x_wconf 88' lang='grc'>61</span> <span class='ocrx_word' id='word_1_405' title='bbox 1427 4932 1507 4980; x_wconf 85' lang='grc'><strong>6166</strong></span> <span class='ocrx_word' id='word_1_406' title='bbox 1536 4915 1682 4996; x_wconf 82' lang='lat' dir='ltr'>gaudeat</span> <span class='ocrx_word' id='word_1_407' title='bbox 1710 4913 1813 4980; x_wconf 90' lang='lat' dir='ltr'>libere</span> 
     </span>
     <span class='ocr_line' id='line_1_41' title="bbox 158 5019 1812 5106; baseline -0.004 -14"><span class='ocrx_word' id='word_1_408' title='bbox 158 5033 192 5092; x_wconf 90' lang='grc'>61</span> <span class='ocrx_word' id='word_1_409' title='bbox 216 5026 375 5092; x_wconf 87' lang='lat' dir='ltr'>absolute.</span> <span class='ocrx_word' id='word_1_410' title='bbox 422 5026 495 5092; x_wconf 89' lang='lat' dir='ltr'>Hoc</span> <span class='ocrx_word' id='word_1_411' title='bbox 519 5025 617 5092; x_wconf 90' lang='lat' dir='ltr'>etiam</span> <span class='ocrx_word' id='word_1_412' title='bbox 642 5024 828 5106; x_wconf 73' lang='lat' dir='ltr'>adiecimus</span> <span class='ocrx_word' id='word_1_413' title='bbox 852 5031 891 5090; x_wconf 90' lang='lat' dir='ltr'>ut</span> <span class='ocrx_word' id='word_1_414' title='bbox 914 5023 1067 5106; x_wconf 89' lang='lat' dir='ltr'>quamdiu</span> <span class='ocrx_word' id='word_1_415' title='bbox 1091 5041 1151 5090; x_wconf 90' lang='grc'>666</span> <span class='ocrx_word' id='word_1_416' title='bbox 1175 5025 1238 5088; x_wconf 88' lang='grc'><strong>(166</strong></span> <span class='ocrx_word' id='word_1_417' title='bbox 1262 5021 1448 5103; x_wconf 84' lang='lat' dir='ltr'>vixerimus,</span> <span class='ocrx_word' id='word_1_418' title='bbox 1480 5019 1534 5088; x_wconf 92' lang='lat' dir='ltr'>vel</span> <span class='ocrx_word' id='word_1_419' title='bbox 1557 5019 1642 5086; x_wconf 89' lang='lat' dir='ltr'>alter</span> <span class='ocrx_word' id='word_1_420' title='bbox 1665 5027 1812 5087; x_wconf 91' lang='lat' dir='ltr'>nostrum</span> 
     </span>
    </p>
   </div>
   <div class='ocr_carea' id='block_1_10' title="bbox 158 5125 1942 5216">
    <p class='ocr_par' dir='ltr' id='par_1_10' title="bbox 158 5125 1942 5216">
     <span class='ocr_line' id='line_1_42' title="bbox 158 5125 1942 5216; baseline -0.005 -16"><span class='ocrx_word' id='word_1_421' title='bbox 158 5134 263 5200; x_wconf 90' lang='lat' dir='ltr'>altero</span> <span class='ocrx_word' id='word_1_422' title='bbox 288 5130 443 5200; x_wconf 82' lang='lat' dir='ltr'>defuncto</span> <span class='ocrx_word' id='word_1_423' title='bbox 468 5138 636 5215; x_wconf 87' lang='lat' dir='ltr'>superstes</span> <span class='ocrx_word' id='word_1_424' title='bbox 659 5129 770 5213; x_wconf 81' lang='lat' dir='ltr'>fuerit,</span> <span class='ocrx_word' id='word_1_425' title='bbox 803 5134 979 5197; x_wconf 86' lang='lat' dir='ltr'>decadem</span> <span class='ocrx_word' id='word_1_426' title='bbox 1004 5133 1098 5196; x_wconf 88' lang='lat' dir='ltr'>domo</span> <span class='ocrx_word' id='word_1_427' title='bbox 1129 5138 1198 5196; x_wconf 92' lang='lat' dir='ltr'>tres</span> <span class='ocrx_word' id='word_1_428' title='bbox 1221 5125 1343 5195; x_wconf 89' lang='lat' dir='ltr'>solidos</span> <span class='ocrx_word' id='word_1_429' title='bbox 1373 5127 1407 5194; x_wconf 95' lang='lat' dir='ltr'>in</span> <span class='ocrx_word' id='word_1_430' title='bbox 1436 5126 1488 5193; x_wconf 93' lang='lat' dir='ltr'>die</span> <span class='ocrx_word' id='word_1_431' title='bbox 1519 5126 1628 5193; x_wconf 88' lang='lat' dir='ltr'>sancti</span> <span class='ocrx_word' id='word_1_432' title='bbox 1649 5126 1813 5194; x_wconf 88' lang='lat' dir='ltr'>Johannis</span> <span class='ocrx_word' id='word_1_433' title='bbox 1937 5209 1942 5216; x_wconf 22' lang='grc' dir='ltr'>Ι</span> 
     </span>
    </p>
   </div>
   <div class='ocr_carea' id='block_1_11' title="bbox 157 5233 1814 5856">
    <p class='ocr_par' dir='ltr' id='par_1_11' title="bbox 157 5233 1814 5856">
     <span class='ocr_line' id='line_1_43' title="bbox 157 5233 1812 5324; baseline -0.004 -18"><span class='ocrx_word' id='word_1_434' title='bbox 157 5239 304 5322; x_wconf 86' lang='lat' dir='ltr'>baptiste</span> <span class='ocrx_word' id='word_1_435' title='bbox 327 5239 493 5324; x_wconf 87' lang='lat' dir='ltr'>sepedicto</span> <span class='ocrx_word' id='word_1_436' title='bbox 517 5239 663 5322; x_wconf 89' lang='lat' dir='ltr'>ecclesie,</span> <span class='ocrx_word' id='word_1_437' title='bbox 689 5260 709 5306; x_wconf 91' lang='lat' dir='ltr'>a</span> <span class='ocrx_word' id='word_1_438' title='bbox 725 5259 790 5320; x_wconf 89' lang='lat' dir='ltr'>qua</span> <span class='ocrx_word' id='word_1_439' title='bbox 805 5238 877 5305; x_wconf 93' lang='lat' dir='ltr'>iure</span> <span class='ocrx_word' id='word_1_440' title='bbox 897 5237 1096 5304; x_wconf 88' lang='lat' dir='ltr'>hereditario</span> <span class='ocrx_word' id='word_1_441' title='bbox 1113 5245 1182 5303; x_wconf 91' lang='lat' dir='ltr'>tres</span> <span class='ocrx_word' id='word_1_442' title='bbox 1200 5235 1285 5303; x_wconf 88' lang='lat' dir='ltr'>oboli</span> <span class='ocrx_word' id='word_1_443' title='bbox 1300 5235 1629 5302; x_wconf 79' lang='lat' dir='ltr'>Frankinvordenses</span> <span class='ocrx_word' id='word_1_444' title='bbox 1646 5233 1812 5316; x_wconf 87' lang='lat' dir='ltr'>preposito</span> 
     </span>
     <span class='ocr_line' id='line_1_44' title="bbox 158 5339 1813 5430; baseline -0.005 -16"><span class='ocrx_word' id='word_1_445' title='bbox 158 5347 307 5414; x_wconf 86' lang='lat' dir='ltr'>solvendi</span> <span class='ocrx_word' id='word_1_446' title='bbox 330 5354 416 5430; x_wconf 90' lang='lat' dir='ltr'>sunt,</span> <span class='ocrx_word' id='word_1_447' title='bbox 449 5345 617 5413; x_wconf 91' lang='lat' dir='ltr'>annuatim</span> <span class='ocrx_word' id='word_1_448' title='bbox 642 5345 877 5429; x_wconf 70' lang='lat' dir='ltr'>persolvamus</span> <span class='ocrx_word' id='word_1_449' title='bbox 910 5347 967 5412; x_wconf 89' lang='lat' dir='ltr'>scd</span> <span class='ocrx_word' id='word_1_450' title='bbox 990 5344 1084 5412; x_wconf 91' lang='lat' dir='ltr'>nobis</span> <span class='ocrx_word' id='word_1_451' title='bbox 1109 5343 1256 5411; x_wconf 89' lang='lat' dir='ltr'>ambolus</span> <span class='ocrx_word' id='word_1_452' title='bbox 1280 5339 1444 5409; x_wconf 77' lang='lat' dir='ltr'>defunctis</span> <span class='ocrx_word' id='word_1_453' title='bbox 1467 5340 1569 5407; x_wconf 87' lang='lat' dir='ltr'>libere</span> <span class='ocrx_word' id='word_1_454' title='bbox 1599 5346 1634 5405; x_wconf 90' lang='lat' dir='ltr'>et</span> <span class='ocrx_word' id='word_1_455' title='bbox 1663 5339 1813 5406; x_wconf 90' lang='lat' dir='ltr'>absolute</span> 
     </span>
     <span class='ocr_line' id='line_1_45' title="bbox 159 5444 1814 5538; baseline -0.007 -17"><span class='ocrx_word' id='word_1_456' title='bbox 159 5473 219 5538; x_wconf 94' lang='lat' dir='ltr'>pro</span> <span class='ocrx_word' id='word_1_457' title='bbox 244 5473 305 5520; x_wconf 90' lang='lat' dir='ltr'>sua</span> <span class='ocrx_word' id='word_1_458' title='bbox 327 5453 499 5522; x_wconf 88' lang='lat' dir='ltr'>voluntate</span> <span class='ocrx_word' id='word_1_459' title='bbox 529 5455 622 5520; x_wconf 91' lang='lat' dir='ltr'>domo</span> <span class='ocrx_word' id='word_1_460' title='bbox 654 5460 688 5519; x_wconf 91' lang='lat' dir='ltr'>et</span> <span class='ocrx_word' id='word_1_461' title='bbox 718 5472 798 5519; x_wconf 90' lang='lat' dir='ltr'>area</span> <span class='ocrx_word' id='word_1_462' title='bbox 821 5451 985 5535; x_wconf 88' lang='lat' dir='ltr'>prelibata</span> <span class='ocrx_word' id='word_1_463' title='bbox 1014 5458 1139 5519; x_wconf 90' lang='lat' dir='ltr'>utatur.</span> <span class='ocrx_word' id='word_1_464' title='bbox 1186 5452 1239 5517; x_wconf 82' lang='lat' dir='ltr'>Ad</span> <span class='ocrx_word' id='word_1_465' title='bbox 1271 5448 1366 5514; x_wconf 89' lang='lat' dir='ltr'>huius</span> <span class='ocrx_word' id='word_1_466' title='bbox 1397 5446 1501 5532; x_wconf 81' lang='lat' dir='ltr'>igitur</span> <span class='ocrx_word' id='word_1_467' title='bbox 1532 5444 1616 5512; x_wconf 86' lang='lat' dir='ltr'>iacti</span> <span class='ocrx_word' id='word_1_468' title='bbox 1646 5447 1748 5511; x_wconf 90' lang='lat' dir='ltr'>robur</span> <span class='ocrx_word' id='word_1_469' title='bbox 1780 5451 1814 5511; x_wconf 90' lang='lat' dir='ltr'>et</span> 
     </span>
     <span class='ocr_line' id='line_1_46' title="bbox 159 5551 1814 5643; baseline -0.005 -16"><span class='ocrx_word' id='word_1_470' title='bbox 159 5561 322 5628; x_wconf 91' lang='lat' dir='ltr'>cautelam</span> <span class='ocrx_word' id='word_1_471' title='bbox 346 5581 494 5643; x_wconf 88' lang='lat' dir='ltr'>appensa</span> <span class='ocrx_word' id='word_1_472' title='bbox 517 5567 595 5626; x_wconf 89' lang='lat' dir='ltr'>sunt</span> <span class='ocrx_word' id='word_1_473' title='bbox 617 5559 693 5626; x_wconf 90' lang='lat' dir='ltr'>huic</span> <span class='ocrx_word' id='word_1_474' title='bbox 717 5559 847 5626; x_wconf 84' lang='grc'><strong>6661616</strong></span> <span class='ocrx_word' id='word_1_475' title='bbox 871 5559 980 5643; x_wconf 83' lang='lat' dir='ltr'>sigilla</span> <span class='ocrx_word' id='word_1_476' title='bbox 1003 5559 1139 5626; x_wconf 86' lang='lat' dir='ltr'>ecclesie</span> <span class='ocrx_word' id='word_1_477' title='bbox 1163 5565 1197 5624; x_wconf 93' lang='lat' dir='ltr'>et</span> <span class='ocrx_word' id='word_1_478' title='bbox 1220 5555 1366 5624; x_wconf 86' lang='lat' dir='ltr'>civitatis</span> <span class='ocrx_word' id='word_1_479' title='bbox 1382 5558 1422 5622; x_wconf 93' lang='grc'>(16</span> <span class='ocrx_word' id='word_1_480' title='bbox 1437 5552 1674 5621; x_wconf 84' lang='lat' dir='ltr'>Frankinvort.</span> <span class='ocrx_word' id='word_1_481' title='bbox 1714 5551 1814 5619; x_wconf 81' lang='lat' dir='ltr'>Cuius</span> 
     </span>
     <span class='ocr_line' id='line_1_47' title="bbox 159 5659 1814 5749; baseline -0.005 -15"><span class='ocrx_word' id='word_1_482' title='bbox 159 5668 209 5734; x_wconf 91' lang='grc'>161</span> <span class='ocrx_word' id='word_1_483' title='bbox 232 5673 335 5734; x_wconf 87' lang='grc'><strong>166166</strong></span> <span class='ocrx_word' id='word_1_484' title='bbox 359 5675 451 5734; x_wconf 91' lang='lat' dir='ltr'>sunt:</span> <span class='ocrx_word' id='word_1_485' title='bbox 478 5667 681 5735; x_wconf 86' lang='lat' dir='ltr'>Godscalcus</span> <span class='ocrx_word' id='word_1_486' title='bbox 705 5670 859 5749; x_wconf 90' lang='lat' dir='ltr'>decanus,</span> <span class='ocrx_word' id='word_1_487' title='bbox 885 5663 1058 5734; x_wconf 84' lang='lat' dir='ltr'>Gotiridus</span> <span class='ocrx_word' id='word_1_488' title='bbox 1082 5664 1330 5748; x_wconf 88' lang='lat' dir='ltr'>parrochianus,</span> <span class='ocrx_word' id='word_1_489' title='bbox 1354 5661 1513 5746; x_wconf 80' lang='lat' dir='ltr'>magister</span> <span class='ocrx_word' id='word_1_490' title='bbox 1525 5659 1690 5743; x_wconf 90' lang='lat' dir='ltr'>Nicolaus,</span> <span class='ocrx_word' id='word_1_491' title='bbox 1712 5659 1814 5725; x_wconf 91' lang='lat' dir='ltr'>Hein-</span> 
     </span>
     <span class='ocr_line' id='line_1_48' title="bbox 158 5766 1812 5856; baseline -0.005 -16"><span class='ocrx_word' id='word_1_492' title='bbox 158 5774 247 5841; x_wconf 83' lang='lat' dir='ltr'>ricus</span> <span class='ocrx_word' id='word_1_493' title='bbox 278 5774 471 5856; x_wconf 88' lang='lat' dir='ltr'>sculthetus,</span> <span class='ocrx_word' id='word_1_494' title='bbox 499 5774 669 5841; x_wconf 86' lang='lat' dir='ltr'>Johannes</span> <span class='ocrx_word' id='word_1_495' title='bbox 698 5772 784 5840; x_wconf 91' lang='lat' dir='ltr'>filius</span> <span class='ocrx_word' id='word_1_496' title='bbox 808 5772 971 5855; x_wconf 88' lang='lat' dir='ltr'>advocati,</span> <span class='ocrx_word' id='word_1_497' title='bbox 996 5773 1038 5838; x_wconf 92' lang='lat' dir='ltr'>H.</span> <span class='ocrx_word' id='word_1_498' title='bbox 1056 5773 1186 5855; x_wconf 88' lang='lat' dir='ltr'>Bresto,</span> <span class='ocrx_word' id='word_1_499' title='bbox 1217 5771 1427 5836; x_wconf 78' lang='lat' dir='ltr'>Hermannus</span> <span class='ocrx_word' id='word_1_500' title='bbox 1449 5768 1560 5852; x_wconf 79' lang='lat' dir='ltr'>Niger,</span> <span class='ocrx_word' id='word_1_501' title='bbox 1591 5766 1812 5850; x_wconf 74' lang='lat' dir='ltr'>Hartpernnrr,</span> 
     </span>
    </p>
   </div>
   <div class='ocr_carea' id='block_1_12' title="bbox 0 0 2209 6384">
    <p class='ocr_par' dir='ltr' id='par_1_12' title="bbox 0 0 2209 6384">
     <span class='ocr_line' id='line_1_49' title="bbox 0 0 2209 6384; baseline 0 0"><span class='ocrx_word' id='word_1_502' title='bbox 0 0 2209 6384; x_wconf 95' lang='lat' dir='ltr'> </span> 
     </span>
    </p>
   </div>
  </div>
 </body>
</html>
