<?xml version="1.0" encoding="UTF-8"?>
<!DOCTYPE html PUBLIC "-//W3C//DTD XHTML 1.0 Transitional//EN"
    "http://www.w3.org/TR/xhtml1/DTD/xhtml1-transitional.dtd">
<html xmlns="http://www.w3.org/1999/xhtml" xml:lang="en" lang="en">
 <head>
  <title>
</title>
<meta http-equiv="Content-Type" content="text/html;charset=utf-8" />
  <meta name='ocr-system' content='tesseract 3.04.00' />
  <meta name='ocr-capabilities' content='ocr_page ocr_carea ocr_par ocr_line ocrx_word'/>
</head>
<body>
  <div class='ocr_page' id='page_1' title='image "./codexdiplomatic00nathgoog_0084.png"; bbox 0 0 4400 6384; ppageno 0'>
   <div class='ocr_carea' id='block_1_1' title="bbox 383 288 1402 356">
    <p class='ocr_par' dir='ltr' id='par_1_1' title="bbox 383 288 1402 356">
     <span class='ocr_line' id='line_1_1' title="bbox 383 288 1402 356; baseline -0.003 -12"><span class='ocrx_word' id='word_1_1' title='bbox 383 290 426 356; x_wconf 84' lang='grc'>68</span> <span class='ocrx_word' id='word_1_2' title='bbox 1013 290 1081 344; x_wconf 82' lang='grc'><strong>1243</strong></span> <span class='ocrx_word' id='word_1_3' title='bbox 1101 319 1134 328; x_wconf 93' lang='grc'>-</span> <span class='ocrx_word' id='word_1_4' title='bbox 1155 289 1224 344; x_wconf 80' lang='grc'>1244</span> <span class='ocrx_word' id='word_1_5' title='bbox 1243 288 1360 344; x_wconf 76' lang='lat' dir='ltr'>October</span> <span class='ocrx_word' id='word_1_6' title='bbox 1380 290 1402 342; x_wconf 92' lang='lat'>1.</span> 
     </span>
    </p>
   </div>
   <div class='ocr_carea' id='block_1_2' title="bbox 384 477 2038 572">
    <p class='ocr_par' dir='ltr' id='par_1_2' title="bbox 384 477 2038 572">
     <span class='ocr_line' id='line_1_2' title="bbox 384 477 2038 572; baseline 0.001 -20"><span class='ocrx_word' id='word_1_7' title='bbox 384 477 475 554; x_wconf 79' lang='grc'><strong>134.</strong></span> <span class='ocrx_word' id='word_1_8' title='bbox 498 486 561 552; x_wconf 83' lang='lat' dir='ltr'>Dic</span> <span class='ocrx_word' id='word_1_9' title='bbox 590 488 905 572; x_wconf 60' lang='lat' dir='ltr'>Berge-(honerate</span> <span class='ocrx_word' id='word_1_10' title='bbox 933 511 975 553; x_wconf 75' lang='lat' dir='ltr'>ru</span> <span class='ocrx_word' id='word_1_11' title='bbox 1006 488 1038 552; x_wconf 87' lang='lat' dir='ltr'><em>F</em></span> <span class='ocrx_word' id='word_1_12' title='bbox 1039 490 1189 571; x_wconf 72' lang='lat' dir='ltr'>crucifici</span> <span class='ocrx_word' id='word_1_13' title='bbox 1219 490 1418 559; x_wconf 75' lang='lat' dir='ltr'>hcorhumicd,</span> <span class='ocrx_word' id='word_1_14' title='bbox 1448 490 1526 552; x_wconf 80' lang='lat' dir='ltr'>cluss</span> <span class='ocrx_word' id='word_1_15' title='bbox 1555 489 1659 553; x_wconf 76' lang='lat' dir='ltr'>erier</span> <span class='ocrx_word' id='word_1_16' title='bbox 1689 489 1841 555; x_wconf 69' lang='lat' dir='ltr'>Heinrich</span> <span class='ocrx_word' id='word_1_17' title='bbox 1872 490 2038 554; x_wconf 78' lang='lat' dir='ltr'>Scnubelr&#39;u</span> 
     </span>
    </p>
   </div>
   <div class='ocr_carea' id='block_1_3' title="bbox 497 595 2037 897">
    <p class='ocr_par' dir='ltr' id='par_1_3' title="bbox 497 595 2037 897">
     <span class='ocr_line' id='line_1_3' title="bbox 500 595 2036 675; baseline 0 -16"><span class='ocrx_word' id='word_1_18' title='bbox 500 595 574 675; x_wconf 78' lang='lat' dir='ltr'>(cort</span> <span class='ocrx_word' id='word_1_19' title='bbox 589 595 774 670; x_wconf 75' lang='lat' dir='ltr'>Kioshcr&#39;m)</span> <span class='ocrx_word' id='word_1_20' title='bbox 799 597 865 662; x_wconf 77' lang='lat' dir='ltr'>occul</span> <span class='ocrx_word' id='word_1_21' title='bbox 888 597 999 660; x_wconf 65' lang='lat' dir='ltr'>desem</span> <span class='ocrx_word' id='word_1_22' title='bbox 1016 599 1185 662; x_wconf 80' lang='lat' dir='ltr'>Gcnruhlic</span> <span class='ocrx_word' id='word_1_23' title='bbox 1200 597 1354 662; x_wconf 67' lang='lat' dir='ltr'>Adollam</span> <span class='ocrx_word' id='word_1_24' title='bbox 1376 598 1444 661; x_wconf 77' lang='lat' dir='ltr'>sich</span> <span class='ocrx_word' id='word_1_25' title='bbox 1468 598 1533 661; x_wconf 79' lang='lat' dir='ltr'><strong>1ch</strong></span> <span class='ocrx_word' id='word_1_26' title='bbox 1554 599 1622 662; x_wconf 79' lang='lat' dir='ltr'>ihre</span> <span class='ocrx_word' id='word_1_27' title='bbox 1639 599 1740 662; x_wconf 64' lang='lat' dir='ltr'>cicer</span> <span class='ocrx_word' id='word_1_28' title='bbox 1763 603 1797 663; x_wconf 82' lang='lat' dir='ltr'>ia</span> <span class='ocrx_word' id='word_1_29' title='bbox 1811 599 1944 663; x_wconf 80' lang='lat' dir='ltr'>Bochcn</span> <span class='ocrx_word' id='word_1_30' title='bbox 1966 599 2036 662; x_wconf 73' lang='lat' dir='ltr'>clem</span> 
     </span>
     <span class='ocr_line' id='line_1_4' title="bbox 497 701 2037 789; baseline 0.001 -24"><span class='ocrx_word' id='word_1_31' title='bbox 497 701 536 764; x_wconf 91' lang='lat' dir='ltr'><em>K</em></span> <span class='ocrx_word' id='word_1_32' title='bbox 536 703 628 766; x_wconf 76' lang='lat' dir='ltr'>los-ter</span> <span class='ocrx_word' id='word_1_33' title='bbox 651 704 763 768; x_wconf 74' lang='lat' dir='ltr'>Huv&#39;uo</span> <span class='ocrx_word' id='word_1_34' title='bbox 786 705 958 788; x_wconf 77' lang='lat' dir='ltr'>iiberpcbca</span> <span class='ocrx_word' id='word_1_35' title='bbox 981 705 1090 776; x_wconf 72' lang='lat' dir='ltr'>lrccbcn,</span> <span class='ocrx_word' id='word_1_36' title='bbox 1118 727 1262 789; x_wconf 62' lang='lat' dir='ltr'>ecvopcpcn</span> <span class='ocrx_word' id='word_1_37' title='bbox 1285 707 1378 769; x_wconf 76' lang='lat' dir='ltr'>ibrum</span> <span class='ocrx_word' id='word_1_38' title='bbox 1399 705 1500 770; x_wconf 73' lang='lat' dir='ltr'>dieses</span> <span class='ocrx_word' id='word_1_39' title='bbox 1522 709 1629 770; x_wconf 78' lang='lat' dir='ltr'>scinco</span> <span class='ocrx_word' id='word_1_40' title='bbox 1645 704 1718 786; x_wconf 73' lang='lat' dir='ltr'>Hcs</span> <span class='ocrx_word' id='word_1_41' title='bbox 1738 708 1773 770; x_wconf 81' lang='lat' dir='ltr'>in</span> <span class='ocrx_word' id='word_1_42' title='bbox 1789 705 1973 786; x_wconf 76' lang='lat' dir='ltr'>Frualscrt</span> <span class='ocrx_word' id='word_1_43' title='bbox 1995 728 2037 768; x_wconf 73' lang='lat' dir='ltr'>su</span> 
     </span>
     <span class='ocr_line' id='line_1_5' title="bbox 497 810 1669 897; baseline 0.004 -25"><span class='ocrx_word' id='word_1_44' title='bbox 497 810 773 895; x_wconf 79' lang='lat' dir='ltr'>lcbcnsliinplicher</span> <span class='ocrx_word' id='word_1_45' title='bbox 796 812 1004 896; x_wconf 74' lang='lat' dir='ltr'>chohounp</span> <span class='ocrx_word' id='word_1_46' title='bbox 1027 817 1222 897; x_wconf 76' lang='lat' dir='ltr'>cinpcriimnt</span> <span class='ocrx_word' id='word_1_47' title='bbox 1244 814 1307 877; x_wconf 77' lang='lat' dir='ltr'>oar.</span> <span class='ocrx_word' id='word_1_48' title='bbox 1354 812 1388 876; x_wconf 86' lang='lat' dir='ltr'><em>F</em></span> <span class='ocrx_word' id='word_1_49' title='bbox 1389 813 1547 895; x_wconf 70' lang='lat' dir='ltr'>rochford.</span> <span class='ocrx_word' id='word_1_50' title='bbox 1574 819 1669 877; x_wconf 74' lang='grc'><strong>1243.</strong></span> 
     </span>
    </p>
   </div>
   <div class='ocr_carea' id='block_1_4' title="bbox 381 953 2038 2338">
    <p class='ocr_par' dir='ltr' id='par_1_4' title="bbox 381 953 2038 2200">
     <span class='ocr_line' id='line_1_6' title="bbox 488 953 2037 1040; baseline 0.001 -19"><span class='ocrx_word' id='word_1_51' title='bbox 488 953 661 1022; x_wconf 88' lang='lat' dir='ltr'>Universis</span> <span class='ocrx_word' id='word_1_52' title='bbox 674 953 796 1020; x_wconf 75' lang='lat' dir='ltr'>Christi</span> <span class='ocrx_word' id='word_1_53' title='bbox 819 953 969 1021; x_wconf 86' lang='lat' dir='ltr'>fidelibus</span> <span class='ocrx_word' id='word_1_54' title='bbox 993 961 1179 1038; x_wconf 77' lang='lat' dir='ltr'>presentem</span> <span class='ocrx_word' id='word_1_55' title='bbox 1195 954 1349 1039; x_wconf 87' lang='lat' dir='ltr'>paginam</span> <span class='ocrx_word' id='word_1_56' title='bbox 1372 955 1580 1038; x_wconf 89' lang='lat' dir='ltr'>inspecturis,</span> <span class='ocrx_word' id='word_1_57' title='bbox 1604 955 1806 1024; x_wconf 77' lang='lat' dir='ltr'><strong>universitas</strong></span> <span class='ocrx_word' id='word_1_58' title='bbox 1823 956 2037 1040; x_wconf 78' lang='lat' dir='ltr'><strong>burgensium</strong></span> 
     </span>
     <span class='ocr_line' id='line_1_7' title="bbox 382 1060 2038 1158; baseline 0.002 -32"><span class='ocrx_word' id='word_1_59' title='bbox 382 1060 415 1126; x_wconf 91' lang='lat' dir='ltr'>in</span> <span class='ocrx_word' id='word_1_60' title='bbox 431 1060 675 1142; x_wconf 80' lang='lat' dir='ltr'>Frankenvort,</span> <span class='ocrx_word' id='word_1_61' title='bbox 697 1067 847 1158; x_wconf 26' lang='lat' dir='ltr'>‚eternam</span> <span class='ocrx_word' id='word_1_62' title='bbox 870 1061 904 1128; x_wconf 92' lang='lat' dir='ltr'>in</span> <span class='ocrx_word' id='word_1_63' title='bbox 928 1062 1056 1130; x_wconf 89' lang='lat' dir='ltr'>domino</span> <span class='ocrx_word' id='word_1_64' title='bbox 1081 1063 1229 1129; x_wconf 90' lang='lat' dir='ltr'>salutem.</span> <span class='ocrx_word' id='word_1_65' title='bbox 1266 1063 1427 1131; x_wconf 84' lang='lat' dir='ltr'>Noverint</span> <span class='ocrx_word' id='word_1_66' title='bbox 1448 1063 1595 1131; x_wconf 89' lang='lat' dir='ltr'>universi</span> <span class='ocrx_word' id='word_1_67' title='bbox 1617 1065 1739 1145; x_wconf 87' lang='lat' dir='ltr'>fideles,</span> <span class='ocrx_word' id='word_1_68' title='bbox 1763 1066 1849 1146; x_wconf 86' lang='lat' dir='ltr'>quod</span> <span class='ocrx_word' id='word_1_69' title='bbox 1871 1064 2038 1130; x_wconf 88' lang='lat' dir='ltr'>Henricus</span> 
     </span>
     <span class='ocr_line' id='line_1_8' title="bbox 382 1168 2038 1266; baseline 0.002 -32"><span class='ocrx_word' id='word_1_70' title='bbox 382 1168 473 1234; x_wconf 91' lang='lat' dir='ltr'>miles</span> <span class='ocrx_word' id='word_1_71' title='bbox 498 1168 605 1266; x_wconf 85' lang='lat' dir='ltr'>dIctus</span> <span class='ocrx_word' id='word_1_72' title='bbox 630 1169 803 1236; x_wconf 85' lang='lat' dir='ltr'>Scoubelin</span> <span class='ocrx_word' id='word_1_73' title='bbox 827 1175 860 1236; x_wconf 87' lang='lat' dir='ltr'>et</span> <span class='ocrx_word' id='word_1_74' title='bbox 883 1189 965 1237; x_wconf 86' lang='lat' dir='ltr'>uxor</span> <span class='ocrx_word' id='word_1_75' title='bbox 989 1169 1134 1238; x_wconf 90' lang='lat' dir='ltr'>eiusdem</span> <span class='ocrx_word' id='word_1_76' title='bbox 1149 1171 1338 1238; x_wconf 82' lang='lat' dir='ltr'>Aldeheidis</span> <span class='ocrx_word' id='word_1_77' title='bbox 1361 1191 1397 1237; x_wconf 91' lang='lat' dir='ltr'>se</span> <span class='ocrx_word' id='word_1_78' title='bbox 1419 1178 1453 1238; x_wconf 90' lang='lat' dir='ltr'>et</span> <span class='ocrx_word' id='word_1_79' title='bbox 1475 1173 1564 1238; x_wconf 90' lang='lat' dir='ltr'>bona</span> <span class='ocrx_word' id='word_1_80' title='bbox 1586 1191 1647 1238; x_wconf 89' lang='lat' dir='ltr'>sua</span> <span class='ocrx_word' id='word_1_81' title='bbox 1669 1171 1703 1238; x_wconf 93' lang='lat' dir='ltr'>in</span> <span class='ocrx_word' id='word_1_82' title='bbox 1718 1170 1845 1238; x_wconf 89' lang='lat' dir='ltr'>Buchin</span> <span class='ocrx_word' id='word_1_83' title='bbox 1869 1171 1937 1238; x_wconf 87' lang='lat' dir='ltr'>sita</span> <span class='ocrx_word' id='word_1_84' title='bbox 1960 1191 2038 1238; x_wconf 89' lang='lat' dir='ltr'>con·</span> 
     </span>
     <span class='ocr_line' id='line_1_9' title="bbox 383 1275 2037 1363; baseline 0 -19"><span class='ocrx_word' id='word_1_85' title='bbox 383 1277 529 1344; x_wconf 87' lang='lat' dir='ltr'>tulerunt</span> <span class='ocrx_word' id='word_1_86' title='bbox 552 1275 689 1343; x_wconf 80' lang='lat' dir='ltr'>ecclesie</span> <span class='ocrx_word' id='word_1_87' title='bbox 712 1276 745 1342; x_wconf 93' lang='lat' dir='ltr'>in</span> <span class='ocrx_word' id='word_1_88' title='bbox 759 1275 937 1360; x_wconf 87' lang='lat' dir='ltr'>Hegenehe</span> <span class='ocrx_word' id='word_1_89' title='bbox 953 1275 1182 1344; x_wconf 85' lang='lat' dir='ltr'>(isterciensis</span> <span class='ocrx_word' id='word_1_90' title='bbox 1197 1277 1329 1344; x_wconf 86' lang='lat' dir='ltr'><strong>ordinis.</strong></span> <span class='ocrx_word' id='word_1_91' title='bbox 1365 1277 1472 1345; x_wconf 90' lang='lat' dir='ltr'>Huius</span> <span class='ocrx_word' id='word_1_92' title='bbox 1488 1277 1726 1346; x_wconf 77' lang='lat' dir='ltr'><strong>familiaritatis</strong></span> <span class='ocrx_word' id='word_1_93' title='bbox 1741 1278 1857 1363; x_wconf 80' lang='lat' dir='ltr'>grecie</span> <span class='ocrx_word' id='word_1_94' title='bbox 1870 1277 2037 1346; x_wconf 74' lang='lat' dir='ltr'>mediante</span> 
     </span>
     <span class='ocr_line' id='line_1_10' title="bbox 382 1382 2037 1467; baseline 0.002 -18"><span class='ocrx_word' id='word_1_95' title='bbox 382 1383 506 1450; x_wconf 81' lang='lat' dir='ltr'><strong>iratres</strong></span> <span class='ocrx_word' id='word_1_96' title='bbox 530 1383 677 1467; x_wconf 84' lang='lat' dir='ltr'>predicte</span> <span class='ocrx_word' id='word_1_97' title='bbox 701 1384 836 1450; x_wconf 80' lang='lat' dir='ltr'>ecclesie</span> <span class='ocrx_word' id='word_1_98' title='bbox 859 1385 1054 1450; x_wconf 90' lang='lat' dir='ltr'>locaverunt</span> <span class='ocrx_word' id='word_1_99' title='bbox 1077 1382 1226 1466; x_wconf 86' lang='lat' dir='ltr'>prelatos</span> <span class='ocrx_word' id='word_1_100' title='bbox 1241 1385 1283 1451; x_wconf 91' lang='lat' dir='ltr'>H.</span> <span class='ocrx_word' id='word_1_101' title='bbox 1308 1391 1343 1451; x_wconf 89' lang='lat' dir='ltr'>et</span> <span class='ocrx_word' id='word_1_102' title='bbox 1357 1384 1456 1453; x_wconf 70' lang='lat' dir='ltr'>hin</span> <span class='ocrx_word' id='word_1_103' title='bbox 1480 1386 1572 1454; x_wconf 86' lang='lat' dir='ltr'>curia</span> <span class='ocrx_word' id='word_1_104' title='bbox 1592 1405 1655 1454; x_wconf 86' lang='lat' dir='ltr'>sua</span> <span class='ocrx_word' id='word_1_105' title='bbox 1668 1387 1913 1466; x_wconf 84' lang='lat' dir='ltr'>Frankenvort,</span> <span class='ocrx_word' id='word_1_106' title='bbox 1938 1405 2037 1467; x_wconf 85' lang='lat' dir='ltr'>quam</span> 
     </span>
     <span class='ocr_line' id='line_1_11' title="bbox 382 1489 2038 1576; baseline 0.001 -19"><span class='ocrx_word' id='word_1_107' title='bbox 382 1497 561 1575; x_wconf 82' lang='lat' dir='ltr'>pretaxate</span> <span class='ocrx_word' id='word_1_108' title='bbox 591 1490 730 1558; x_wconf 90' lang='lat' dir='ltr'>ecclesia</span> <span class='ocrx_word' id='word_1_109' title='bbox 759 1490 825 1558; x_wconf 83' lang='lat' dir='ltr'>ianr</span> <span class='ocrx_word' id='word_1_110' title='bbox 855 1494 975 1557; x_wconf 90' lang='lat' dir='ltr'>dudum</span> <span class='ocrx_word' id='word_1_111' title='bbox 1001 1490 1108 1557; x_wconf 91' lang='lat' dir='ltr'>tenuit</span> <span class='ocrx_word' id='word_1_112' title='bbox 1137 1489 1171 1556; x_wconf 92' lang='lat' dir='ltr'>in</span> <span class='ocrx_word' id='word_1_113' title='bbox 1194 1491 1401 1573; x_wconf 90' lang='lat' dir='ltr'>possessione</span> <span class='ocrx_word' id='word_1_114' title='bbox 1424 1491 1537 1574; x_wconf 87' lang='lat' dir='ltr'>quieta</span> <span class='ocrx_word' id='word_1_115' title='bbox 1565 1501 1600 1560; x_wconf 86' lang='lat' dir='ltr'>et</span> <span class='ocrx_word' id='word_1_116' title='bbox 1629 1499 1707 1576; x_wconf 92' lang='lat' dir='ltr'>post</span> <span class='ocrx_word' id='word_1_117' title='bbox 1736 1492 1861 1560; x_wconf 86' lang='lat' dir='ltr'>ebitum</span> <span class='ocrx_word' id='word_1_118' title='bbox 1887 1491 2038 1574; x_wconf 86' lang='lat' dir='ltr'>ipsorum</span> 
     </span>
     <span class='ocr_line' id='line_1_12' title="bbox 382 1597 2035 1682; baseline -0.002 -18"><span class='ocrx_word' id='word_1_119' title='bbox 382 1597 518 1678; x_wconf 83' lang='lat' dir='ltr'>tenebit,</span> <span class='ocrx_word' id='word_1_120' title='bbox 542 1603 610 1664; x_wconf 87' lang='lat' dir='ltr'>tam</span> <span class='ocrx_word' id='word_1_121' title='bbox 632 1598 787 1664; x_wconf 87' lang='lat' dir='ltr'>heredum</span> <span class='ocrx_word' id='word_1_122' title='bbox 811 1617 907 1680; x_wconf 90' lang='lat' dir='ltr'>quam</span> <span class='ocrx_word' id='word_1_123' title='bbox 931 1597 1067 1664; x_wconf 89' lang='lat' dir='ltr'>aliorum</span> <span class='ocrx_word' id='word_1_124' title='bbox 1091 1617 1354 1680; x_wconf 87' lang='lat' dir='ltr'>quorumcunque</span> <span class='ocrx_word' id='word_1_125' title='bbox 1374 1600 1460 1664; x_wconf 91' lang='lat' dir='ltr'>omni</span> <span class='ocrx_word' id='word_1_126' title='bbox 1476 1599 1607 1682; x_wconf 90' lang='lat' dir='ltr'>penitus</span> <span class='ocrx_word' id='word_1_127' title='bbox 1623 1598 1882 1666; x_wconf 84' lang='lat' dir='ltr'>contradictione</span> <span class='ocrx_word' id='word_1_128' title='bbox 1896 1605 2035 1665; x_wconf 87' lang='lat' dir='ltr'>remota.</span> 
     </span>
     <span class='ocr_line' id='line_1_13' title="bbox 381 1703 2038 1789; baseline -0.001 -19"><span class='ocrx_word' id='word_1_129' title='bbox 381 1703 428 1770; x_wconf 85' lang='lat' dir='ltr'>Et</span> <span class='ocrx_word' id='word_1_130' title='bbox 451 1725 492 1771; x_wconf 91' lang='lat' dir='ltr'>ne</span> <span class='ocrx_word' id='word_1_131' title='bbox 514 1706 582 1771; x_wconf 92' lang='lat' dir='ltr'>ulla</span> <span class='ocrx_word' id='word_1_132' title='bbox 606 1704 804 1789; x_wconf 81' lang='lat' dir='ltr'>ambiguitas</span> <span class='ocrx_word' id='word_1_133' title='bbox 835 1724 933 1788; x_wconf 88' lang='lat' dir='ltr'>super</span> <span class='ocrx_word' id='word_1_134' title='bbox 962 1705 1024 1771; x_wconf 92' lang='lat' dir='ltr'>hoc</span> <span class='ocrx_word' id='word_1_135' title='bbox 1047 1705 1219 1786; x_wconf 90' lang='lat' dir='ltr'>habeatur,</span> <span class='ocrx_word' id='word_1_136' title='bbox 1252 1711 1436 1786; x_wconf 87' lang='lat' dir='ltr'>presentem</span> <span class='ocrx_word' id='word_1_137' title='bbox 1465 1705 1611 1772; x_wconf 87' lang='lat' dir='ltr'>litteram</span> <span class='ocrx_word' id='word_1_138' title='bbox 1642 1705 1804 1774; x_wconf 87' lang='lat' dir='ltr'>conscribi</span> <span class='ocrx_word' id='word_1_139' title='bbox 1834 1704 1973 1772; x_wconf 83' lang='lat' dir='ltr'>iecImus</span> <span class='ocrx_word' id='word_1_140' title='bbox 2002 1713 2038 1769; x_wconf 89' lang='lat' dir='ltr'>et</span> 
     </span>
     <span class='ocr_line' id='line_1_14' title="bbox 382 1811 2036 1896; baseline 0 -20"><span class='ocrx_word' id='word_1_141' title='bbox 382 1811 481 1895; x_wconf 86' lang='lat' dir='ltr'>sigilli</span> <span class='ocrx_word' id='word_1_142' title='bbox 504 1812 609 1879; x_wconf 90' lang='lat' dir='ltr'>nostri</span> <span class='ocrx_word' id='word_1_143' title='bbox 630 1812 805 1879; x_wconf 91' lang='lat' dir='ltr'>munimine</span> <span class='ocrx_word' id='word_1_144' title='bbox 828 1813 988 1879; x_wconf 88' lang='lat' dir='ltr'>roborari.</span> <span class='ocrx_word' id='word_1_145' title='bbox 1036 1813 1153 1879; x_wconf 77' lang='lat' dir='ltr'>Testes</span> <span class='ocrx_word' id='word_1_146' title='bbox 1176 1832 1254 1880; x_wconf 87' lang='lat' dir='ltr'>vero</span> <span class='ocrx_word' id='word_1_147' title='bbox 1284 1811 1380 1879; x_wconf 92' lang='lat' dir='ltr'>huius</span> <span class='ocrx_word' id='word_1_148' title='bbox 1409 1811 1459 1879; x_wconf 89' lang='lat' dir='ltr'>rei</span> <span class='ocrx_word' id='word_1_149' title='bbox 1481 1819 1573 1879; x_wconf 90' lang='lat' dir='ltr'>sunt:</span> <span class='ocrx_word' id='word_1_150' title='bbox 1605 1815 1775 1896; x_wconf 89' lang='lat' dir='ltr'>Rupertus</span> <span class='ocrx_word' id='word_1_151' title='bbox 1804 1811 2036 1896; x_wconf 81' lang='lat' dir='ltr'>burcgravius,</span> 
     </span>
     <span class='ocr_line' id='line_1_15' title="bbox 381 1917 2038 2002; baseline 0.001 -20"><span class='ocrx_word' id='word_1_152' title='bbox 381 1917 594 1985; x_wconf 85' lang='lat' dir='ltr'>Eberhardus</span> <span class='ocrx_word' id='word_1_153' title='bbox 617 1918 755 1999; x_wconf 72' lang='lat' dir='ltr'>villicus</span> <span class='ocrx_word' id='word_1_154' title='bbox 780 1919 950 1985; x_wconf 81' lang='lat' dir='ltr'>Iohannes</span> <span class='ocrx_word' id='word_1_155' title='bbox 967 1919 1155 2002; x_wconf 83' lang='lat' dir='ltr'>Coltsteyn,</span> <span class='ocrx_word' id='word_1_156' title='bbox 1172 1919 1341 1985; x_wconf 82' lang='lat' dir='ltr'>walterus</span> <span class='ocrx_word' id='word_1_157' title='bbox 1359 1921 1399 1985; x_wconf 89' lang='lat' dir='ltr'>de</span> <span class='ocrx_word' id='word_1_158' title='bbox 1415 1919 1602 2001; x_wconf 87' lang='lat' dir='ltr'>Mersevelt,</span> <span class='ocrx_word' id='word_1_159' title='bbox 1620 1919 1845 2000; x_wconf 87' lang='lat' dir='ltr'>Baldemams,</span> <span class='ocrx_word' id='word_1_160' title='bbox 1863 1919 2038 1984; x_wconf 87' lang='lat' dir='ltr'>Conradus</span> 
     </span>
     <span class='ocr_line' id='line_1_16' title="bbox 381 2024 2035 2110; baseline 0 -20"><span class='ocrx_word' id='word_1_161' title='bbox 381 2027 421 2091; x_wconf 90' lang='lat' dir='ltr'>de</span> <span class='ocrx_word' id='word_1_162' title='bbox 454 2026 662 2110; x_wconf 83' lang='lat' dir='ltr'>Cysenheim,</span> <span class='ocrx_word' id='word_1_163' title='bbox 696 2025 851 2093; x_wconf 85' lang='lat' dir='ltr'>Wilrerus</span> <span class='ocrx_word' id='word_1_164' title='bbox 884 2029 924 2092; x_wconf 92' lang='lat' dir='ltr'>de</span> <span class='ocrx_word' id='word_1_165' title='bbox 957 2026 1146 2106; x_wconf 89' lang='lat' dir='ltr'>Obenbach,</span> <span class='ocrx_word' id='word_1_166' title='bbox 1179 2024 1356 2092; x_wconf 91' lang='lat' dir='ltr'>Heinricus</span> <span class='ocrx_word' id='word_1_167' title='bbox 1388 2026 1594 2093; x_wconf 88' lang='lat' dir='ltr'>Clohelcuch.</span> <span class='ocrx_word' id='word_1_168' title='bbox 1641 2026 1764 2092; x_wconf 90' lang='lat' dir='ltr'>Datum</span> <span class='ocrx_word' id='word_1_169' title='bbox 1787 2025 2035 2104; x_wconf 59' lang='lat' dir='ltr'>Ranlrenvort,</span> 
     </span>
     <span class='ocr_line' id='line_1_17' title="bbox 381 2113 913 2200; baseline 0.002 -3"><span class='ocrx_word' id='word_1_170' title='bbox 381 2151 466 2198; x_wconf 90' lang='lat' dir='ltr'>anno</span> <span class='ocrx_word' id='word_1_171' title='bbox 491 2131 611 2199; x_wconf 88' lang='lat' dir='ltr'>domini</span> <span class='ocrx_word' id='word_1_172' title='bbox 628 2113 672 2199; x_wconf 79' lang='lat' dir='ltr'>II.</span> <span class='ocrx_word' id='word_1_173' title='bbox 699 2135 759 2199; x_wconf 89' lang='lat' dir='ltr'>CC.</span> <span class='ocrx_word' id='word_1_174' title='bbox 787 2133 913 2200; x_wconf 88' lang='lat' dir='ltr'><strong>XLIII.</strong></span> 
     </span>
    </p>

    <p class='ocr_par' dir='ltr' id='par_1_5' title="bbox 594 2264 1819 2338">
     <span class='ocr_line' id='line_1_18' title="bbox 594 2264 1819 2338; baseline -0.001 -18"><span class='ocrx_word' id='word_1_175' title='bbox 594 2266 724 2322; x_wconf 81' lang='lat' dir='ltr'>Huiuccr</span> <span class='ocrx_word' id='word_1_176' title='bbox 744 2265 867 2336; x_wconf 72' lang='lat' dir='ltr'>coptam</span> <span class='ocrx_word' id='word_1_177' title='bbox 881 2265 926 2322; x_wconf 87' lang='lat'>11.</span> <span class='ocrx_word' id='word_1_178' title='bbox 964 2264 1003 2322; x_wconf 86' lang='lat' dir='ltr'>St.</span> <span class='ocrx_word' id='word_1_179' title='bbox 1016 2266 1051 2321; x_wconf 81' lang='lat' dir='ltr'>A.</span> <span class='ocrx_word' id='word_1_180' title='bbox 1066 2265 1212 2336; x_wconf 72' lang='lat' dir='ltr'>diusburg.</span> <span class='ocrx_word' id='word_1_181' title='bbox 1231 2295 1265 2304; x_wconf 91' lang='lat'><strong>—</strong></span> <span class='ocrx_word' id='word_1_182' title='bbox 1285 2264 1443 2335; x_wconf 72' lang='lat' dir='ltr'>Groufoad,</span> <span class='ocrx_word' id='word_1_183' title='bbox 1465 2267 1616 2338; x_wconf 69' lang='lat' dir='ltr'>mpliciter</span> <span class='ocrx_word' id='word_1_184' title='bbox 1633 2265 1683 2321; x_wconf 81' lang='lat' dir='ltr'>mit</span> <span class='ocrx_word' id='word_1_185' title='bbox 1701 2265 1819 2321; x_wconf 65' lang='lat' dir='ltr'>Ram.</span> 
     </span>
    </p>
   </div>
   <div class='ocr_carea' id='block_1_5' title="bbox 595 2354 1586 2513">
    <p class='ocr_par' dir='ltr' id='par_1_6' title="bbox 595 2354 1586 2513">
     <span class='ocr_line' id='line_1_19' title="bbox 595 2354 1586 2425; baseline -0.001 -16"><span class='ocrx_word' id='word_1_186' title='bbox 595 2355 693 2410; x_wconf 68' lang='lat' dir='ltr'>Getta:</span> <span class='ocrx_word' id='word_1_187' title='bbox 712 2357 756 2424; x_wconf 82' lang='lat'>13,</span> <span class='ocrx_word' id='word_1_188' title='bbox 775 2360 811 2412; x_wconf 78' lang='lat'>43</span> <span class='ocrx_word' id='word_1_189' title='bbox 828 2357 899 2411; x_wconf 80' lang='lat' dir='ltr'>anch</span> <span class='ocrx_word' id='word_1_190' title='bbox 917 2355 1053 2410; x_wconf 63' lang='lat' dir='ltr'>daselben</span> <span class='ocrx_word' id='word_1_191' title='bbox 1070 2355 1195 2425; x_wconf 69' lang='lat' dir='ltr'>Vorlagc.</span> <span class='ocrx_word' id='word_1_192' title='bbox 1232 2355 1349 2424; x_wconf 80' lang='lat' dir='ltr'>Reimcr,</span> <span class='ocrx_word' id='word_1_193' title='bbox 1368 2354 1394 2423; x_wconf 91' lang='lat' dir='ltr'>I,</span> <span class='ocrx_word' id='word_1_194' title='bbox 1413 2358 1466 2410; x_wconf 81' lang='lat'>173</span> <span class='ocrx_word' id='word_1_195' title='bbox 1484 2355 1586 2410; x_wconf 75' lang='lat' dir='ltr'>obenan</span> 
     </span>
     <span class='ocr_line' id='line_1_20' title="bbox 597 2443 1172 2513; baseline -0.002 -15"><span class='ocrx_word' id='word_1_196' title='bbox 597 2444 690 2498; x_wconf 75' lang='lat' dir='ltr'>Vera:</span> <span class='ocrx_word' id='word_1_197' title='bbox 710 2443 834 2513; x_wconf 74' lang='lat' dir='ltr'>ihomas,</span> <span class='ocrx_word' id='word_1_198' title='bbox 854 2445 906 2499; x_wconf 83' lang='lat' dir='ltr'>Fr.</span> <span class='ocrx_word' id='word_1_199' title='bbox 920 2445 1029 2512; x_wconf 82' lang='lat' dir='ltr'>Archiv,</span> <span class='ocrx_word' id='word_1_200' title='bbox 1048 2444 1092 2512; x_wconf 84' lang='lat' dir='ltr'><strong>II,</strong></span> <span class='ocrx_word' id='word_1_201' title='bbox 1113 2448 1172 2499; x_wconf 78' lang='lat'>105,</span> 
     </span>
    </p>
   </div>
   <div class='ocr_carea' id='block_1_6' title="bbox 380 2639 2037 2949">
    <p class='ocr_par' dir='ltr' id='par_1_7' title="bbox 380 2639 2037 2949">
     <span class='ocr_line' id='line_1_21' title="bbox 380 2639 2037 2736; baseline -0.001 -20"><span class='ocrx_word' id='word_1_202' title='bbox 380 2639 471 2717; x_wconf 82' lang='lat'><strong>135.</strong></span> <span class='ocrx_word' id='word_1_203' title='bbox 494 2649 557 2715; x_wconf 84' lang='lat' dir='ltr'>Dic</span> <span class='ocrx_word' id='word_1_204' title='bbox 580 2651 719 2730; x_wconf 76' lang='lat' dir='ltr'>Richter,</span> <span class='ocrx_word' id='word_1_205' title='bbox 744 2650 889 2732; x_wconf 80' lang='lat' dir='ltr'>Schdffco</span> <span class='ocrx_word' id='word_1_206' title='bbox 912 2651 978 2715; x_wconf 74' lang='lat' dir='ltr'>cond</span> <span class='ocrx_word' id='word_1_207' title='bbox 1001 2649 1132 2736; x_wconf 79' lang='lat' dir='ltr'>Biirpcr</span> <span class='ocrx_word' id='word_1_208' title='bbox 1154 2654 1189 2715; x_wconf 80' lang='lat' dir='ltr'>io</span> <span class='ocrx_word' id='word_1_209' title='bbox 1211 2649 1396 2733; x_wconf 75' lang='lat' dir='ltr'>Fraahfurt</span> <span class='ocrx_word' id='word_1_210' title='bbox 1420 2650 1591 2733; x_wconf 64' lang='lat' dir='ltr'>ccrhuustn</span> <span class='ocrx_word' id='word_1_211' title='bbox 1612 2650 1682 2715; x_wconf 84' lang='lat' dir='ltr'>dem</span> <span class='ocrx_word' id='word_1_212' title='bbox 1700 2648 1832 2714; x_wconf 81' lang='lat' dir='ltr'>Klostcr</span> <span class='ocrx_word' id='word_1_213' title='bbox 1847 2649 1961 2715; x_wconf 80' lang='lat' dir='ltr'>Hcinc</span> <span class='ocrx_word' id='word_1_214' title='bbox 1984 2651 2037 2714; x_wconf 79' lang='lat' dir='ltr'>dic</span> 
     </span>
     <span class='ocr_line' id='line_1_22' title="bbox 494 2757 2036 2842; baseline -0.002 -18"><span class='ocrx_word' id='word_1_215' title='bbox 494 2759 605 2824; x_wconf 80' lang='lat' dir='ltr'>descen</span> <span class='ocrx_word' id='word_1_216' title='bbox 628 2758 724 2823; x_wconf 81' lang='lat' dir='ltr'>Hauc</span> <span class='ocrx_word' id='word_1_217' title='bbox 754 2759 820 2822; x_wconf 72' lang='lat' dir='ltr'>veno</span> <span class='ocrx_word' id='word_1_218' title='bbox 843 2757 917 2839; x_wconf 73' lang='lat' dir='ltr'>Hos</span> <span class='ocrx_word' id='word_1_219' title='bbox 943 2781 984 2823; x_wconf 76' lang='lat' dir='ltr'>so</span> <span class='ocrx_word' id='word_1_220' title='bbox 1010 2757 1195 2840; x_wconf 77' lang='lat' dir='ltr'>Frualfccrt</span> <span class='ocrx_word' id='word_1_221' title='bbox 1224 2758 1412 2842; x_wconf 74' lang='lat' dir='ltr'>cerrupcbcade</span> <span class='ocrx_word' id='word_1_222' title='bbox 1434 2757 1554 2822; x_wconf 78' lang='lat' dir='ltr'>Macer</span> <span class='ocrx_word' id='word_1_223' title='bbox 1583 2757 1649 2822; x_wconf 80' lang='lat' dir='ltr'>ond</span> <span class='ocrx_word' id='word_1_224' title='bbox 1679 2757 1832 2822; x_wconf 62' lang='lat' dir='ltr'>cerldben</span> <span class='ocrx_word' id='word_1_225' title='bbox 1860 2757 2036 2822; x_wconf 66' lang='lat' dir='ltr'>desselben</span> 
     </span>
     <span class='ocr_line' id='line_1_23' title="bbox 495 2863 1417 2949; baseline -0.002 -19"><span class='ocrx_word' id='word_1_226' title='bbox 495 2869 584 2931; x_wconf 79' lang='lat' dir='ltr'>cioca</span> <span class='ocrx_word' id='word_1_227' title='bbox 605 2865 893 2931; x_wconf 82' lang='lat' dir='ltr'>daraustossenden</span> <span class='ocrx_word' id='word_1_228' title='bbox 917 2863 1039 2930; x_wconf 81' lang='lat' dir='ltr'>Gortcn</span> <span class='ocrx_word' id='word_1_229' title='bbox 1060 2886 1159 2949; x_wconf 73' lang='lat' dir='ltr'>peperi</span> <span class='ocrx_word' id='word_1_230' title='bbox 1183 2864 1273 2930; x_wconf 76' lang='lat' dir='ltr'>Zircs.</span> <span class='ocrx_word' id='word_1_231' title='bbox 1321 2869 1417 2929; x_wconf 70' lang='lat'><strong><em>1243.</em></strong></span> 
     </span>
    </p>
   </div>
   <div class='ocr_carea' id='block_1_7' title="bbox 376 3003 2035 4684">
    <p class='ocr_par' dir='ltr' id='par_1_8' title="bbox 376 3003 2035 4566">
     <span class='ocr_line' id='line_1_24' title="bbox 486 3003 2035 3088; baseline -0.002 -15"><span class='ocrx_word' id='word_1_232' title='bbox 486 3006 631 3088; x_wconf 81' lang='lat' dir='ltr'>JudIces,</span> <span class='ocrx_word' id='word_1_233' title='bbox 657 3005 783 3072; x_wconf 92' lang='lat' dir='ltr'>scabini</span> <span class='ocrx_word' id='word_1_234' title='bbox 807 3013 841 3072; x_wconf 90' lang='lat' dir='ltr'>et</span> <span class='ocrx_word' id='word_1_235' title='bbox 864 3005 953 3075; x_wconf 89' lang='lat' dir='ltr'>cives</span> <span class='ocrx_word' id='word_1_236' title='bbox 976 3003 1123 3073; x_wconf 88' lang='lat' dir='ltr'>universi</span> <span class='ocrx_word' id='word_1_237' title='bbox 1144 3005 1180 3071; x_wconf 92' lang='lat' dir='ltr'>in</span> <span class='ocrx_word' id='word_1_238' title='bbox 1194 3005 1431 3087; x_wconf 82' lang='lat' dir='ltr'>FrankInvort,</span> <span class='ocrx_word' id='word_1_239' title='bbox 1457 3005 1605 3072; x_wconf 89' lang='lat' dir='ltr'>omnibus</span> <span class='ocrx_word' id='word_1_240' title='bbox 1629 3003 1752 3071; x_wconf 77' lang='lat' dir='ltr'>Christi</span> <span class='ocrx_word' id='word_1_241' title='bbox 1773 3004 1925 3071; x_wconf 79' lang='lat' dir='ltr'>fidelibus</span> <span class='ocrx_word' id='word_1_242' title='bbox 1945 3005 2035 3072; x_wconf 88' lang='lat' dir='ltr'>banc</span> 
     </span>
     <span class='ocr_line' id='line_1_25' title="bbox 378 3111 2035 3197; baseline 0 -19"><span class='ocrx_word' id='word_1_243' title='bbox 378 3111 509 3179; x_wconf 91' lang='lat' dir='ltr'>literam</span> <span class='ocrx_word' id='word_1_244' title='bbox 531 3112 729 3196; x_wconf 88' lang='lat' dir='ltr'>inspecturis</span> <span class='ocrx_word' id='word_1_245' title='bbox 752 3114 891 3179; x_wconf 84' lang='lat' dir='ltr'>salutem</span> <span class='ocrx_word' id='word_1_246' title='bbox 913 3112 948 3179; x_wconf 91' lang='lat' dir='ltr'>in</span> <span class='ocrx_word' id='word_1_247' title='bbox 971 3132 1019 3194; x_wconf 88' lang='lat' dir='ltr'>eo,</span> <span class='ocrx_word' id='word_1_248' title='bbox 1045 3111 1100 3193; x_wconf 89' lang='lat' dir='ltr'>qui</span> <span class='ocrx_word' id='word_1_249' title='bbox 1115 3119 1167 3178; x_wconf 90' lang='lat' dir='ltr'>est</span> <span class='ocrx_word' id='word_1_250' title='bbox 1183 3111 1273 3178; x_wconf 89' lang='lat' dir='ltr'>salus</span> <span class='ocrx_word' id='word_1_251' title='bbox 1288 3111 1437 3178; x_wconf 90' lang='lat' dir='ltr'>omnium.</span> <span class='ocrx_word' id='word_1_252' title='bbox 1474 3111 1635 3197; x_wconf 81' lang='lat' dir='ltr'>Quoniam</span> <span class='ocrx_word' id='word_1_253' title='bbox 1650 3131 1700 3194; x_wconf 83' lang='lat' dir='ltr'>ea,</span> <span class='ocrx_word' id='word_1_254' title='bbox 1724 3131 1787 3194; x_wconf 87' lang='lat' dir='ltr'>que</span> <span class='ocrx_word' id='word_1_255' title='bbox 1802 3131 1824 3177; x_wconf 83' lang='lat' dir='ltr'>a</span> <span class='ocrx_word' id='word_1_256' title='bbox 1837 3111 2035 3178; x_wconf 87' lang='lat' dir='ltr'>mortalibus</span> 
     </span>
     <span class='ocr_line' id='line_1_26' title="bbox 380 3217 2034 3304; baseline -0.001 -19"><span class='ocrx_word' id='word_1_257' title='bbox 380 3225 532 3304; x_wconf 86' lang='lat' dir='ltr'>aguntur,</span> <span class='ocrx_word' id='word_1_258' title='bbox 557 3218 622 3286; x_wconf 90' lang='lat' dir='ltr'>nisi</span> <span class='ocrx_word' id='word_1_259' title='bbox 644 3219 767 3302; x_wconf 86' lang='lat' dir='ltr'>scripto</span> <span class='ocrx_word' id='word_1_260' title='bbox 791 3222 1066 3300; x_wconf 86' lang='lat' dir='ltr'>commendentur,</span> <span class='ocrx_word' id='word_1_261' title='bbox 1096 3239 1137 3285; x_wconf 83' lang='lat' dir='ltr'>ex</span> <span class='ocrx_word' id='word_1_262' title='bbox 1159 3218 1251 3285; x_wconf 90' lang='lat' dir='ltr'>lacili</span> <span class='ocrx_word' id='word_1_263' title='bbox 1273 3218 1446 3286; x_wconf 79' lang='lat' dir='ltr'>oblivIonis</span> <span class='ocrx_word' id='word_1_264' title='bbox 1469 3217 1687 3285; x_wconf 88' lang='lat' dir='ltr'>obiuscuntur</span> <span class='ocrx_word' id='word_1_265' title='bbox 1709 3219 1839 3298; x_wconf 88' lang='lat' dir='ltr'>nebula,</span> <span class='ocrx_word' id='word_1_266' title='bbox 1870 3217 1946 3284; x_wconf 91' lang='lat' dir='ltr'>hinc</span> <span class='ocrx_word' id='word_1_267' title='bbox 1969 3227 2034 3297; x_wconf 80' lang='lat' dir='ltr'>est,</span> 
     </span>
     <span class='ocr_line' id='line_1_27' title="bbox 380 3324 2033 3409; baseline -0.002 -16"><span class='ocrx_word' id='word_1_268' title='bbox 380 3329 464 3407; x_wconf 87' lang='lat' dir='ltr'>quod</span> <span class='ocrx_word' id='word_1_269' title='bbox 495 3333 563 3393; x_wconf 88' lang='lat' dir='ltr'>tam</span> <span class='ocrx_word' id='word_1_270' title='bbox 594 3327 802 3409; x_wconf 88' lang='lat' dir='ltr'>presentibus</span> <span class='ocrx_word' id='word_1_271' title='bbox 832 3345 929 3408; x_wconf 85' lang='lat' dir='ltr'>quam</span> <span class='ocrx_word' id='word_1_272' title='bbox 960 3324 1083 3392; x_wconf 83' lang='lat' dir='ltr'>futuris</span> <span class='ocrx_word' id='word_1_273' title='bbox 1112 3325 1208 3392; x_wconf 90' lang='lat' dir='ltr'>huius</span> <span class='ocrx_word' id='word_1_274' title='bbox 1238 3325 1355 3408; x_wconf 90' lang='lat' dir='ltr'>scripti</span> <span class='ocrx_word' id='word_1_275' title='bbox 1384 3325 1606 3393; x_wconf 84' lang='lat' dir='ltr'>declaratione</span> <span class='ocrx_word' id='word_1_276' title='bbox 1635 3325 1843 3392; x_wconf 85' lang='lat' dir='ltr'>innotescere</span> <span class='ocrx_word' id='word_1_277' title='bbox 1871 3325 2033 3405; x_wconf 69' lang='lat' dir='ltr'>volumus</span> 
     </span>
     <span class='ocr_line' id='line_1_28' title="bbox 379 3431 2035 3518; baseline -0.001 -19"><span class='ocrx_word' id='word_1_278' title='bbox 379 3437 465 3514; x_wconf 88' lang='lat' dir='ltr'>quod</span> <span class='ocrx_word' id='word_1_279' title='bbox 487 3453 547 3501; x_wconf 89' lang='lat' dir='ltr'>nos</span> <span class='ocrx_word' id='word_1_280' title='bbox 572 3433 707 3499; x_wconf 89' lang='lat' dir='ltr'>ecclesie</span> <span class='ocrx_word' id='word_1_281' title='bbox 730 3434 764 3500; x_wconf 94' lang='lat' dir='ltr'>in</span> <span class='ocrx_word' id='word_1_282' title='bbox 787 3433 946 3518; x_wconf 85' lang='lat' dir='ltr'>Hegenhe</span> <span class='ocrx_word' id='word_1_283' title='bbox 968 3452 1105 3514; x_wconf 86' lang='lat' dir='ltr'>numm,</span> <span class='ocrx_word' id='word_1_284' title='bbox 1131 3433 1185 3514; x_wconf 91' lang='lat' dir='ltr'>qui</span> <span class='ocrx_word' id='word_1_285' title='bbox 1208 3431 1324 3499; x_wconf 88' lang='lat' dir='ltr'>circuit</span> <span class='ocrx_word' id='word_1_286' title='bbox 1347 3435 1477 3500; x_wconf 89' lang='lat' dir='ltr'>domum</span> <span class='ocrx_word' id='word_1_287' title='bbox 1492 3440 1527 3499; x_wconf 91' lang='lat' dir='ltr'>et</span> <span class='ocrx_word' id='word_1_288' title='bbox 1542 3431 1667 3499; x_wconf 83' lang='lat' dir='ltr'>curiam</span> <span class='ocrx_word' id='word_1_289' title='bbox 1686 3451 1783 3514; x_wconf 82' lang='lat' dir='ltr'>quam</span> <span class='ocrx_word' id='word_1_290' title='bbox 1807 3433 1910 3500; x_wconf 86' lang='lat' dir='ltr'>habet</span> <span class='ocrx_word' id='word_1_291' title='bbox 1933 3432 2035 3498; x_wconf 79' lang='lat' dir='ltr'>sitam</span> 
     </span>
     <span class='ocr_line' id='line_1_29' title="bbox 378 3523 2034 3622; baseline -0.001 -17"><span class='ocrx_word' id='word_1_292' title='bbox 378 3537 412 3605; x_wconf 93' lang='lat' dir='ltr'>in</span> <span class='ocrx_word' id='word_1_293' title='bbox 435 3539 671 3622; x_wconf 77' lang='lat' dir='ltr'>Frankinvort,</span> <span class='ocrx_word' id='word_1_294' title='bbox 702 3523 907 3608; x_wconf 83' lang='lat' dir='ltr'>vendidimus</span> <span class='ocrx_word' id='word_1_295' title='bbox 937 3547 1083 3622; x_wconf 89' lang='lat' dir='ltr'>tempore</span> <span class='ocrx_word' id='word_1_296' title='bbox 1114 3538 1313 3622; x_wconf 87' lang='lat' dir='ltr'>sempiterno</span> <span class='ocrx_word' id='word_1_297' title='bbox 1336 3538 1440 3604; x_wconf 89' lang='lat' dir='ltr'>libere</span> <span class='ocrx_word' id='word_1_298' title='bbox 1470 3538 1709 3622; x_wconf 88' lang='lat' dir='ltr'>possidendum.</span> <span class='ocrx_word' id='word_1_299' title='bbox 1756 3539 1873 3605; x_wconf 88' lang='lat' dir='ltr'>Ortum</span> <span class='ocrx_word' id='word_1_300' title='bbox 1904 3557 2034 3620; x_wconf 82' lang='lat' dir='ltr'>quoque</span> 
     </span>
     <span class='ocr_line' id='line_1_30' title="bbox 379 3645 2034 3730; baseline 0.001 -20"><span class='ocrx_word' id='word_1_301' title='bbox 379 3645 584 3714; x_wconf 87' lang='lat' dir='ltr'>adiacentem</span> <span class='ocrx_word' id='word_1_302' title='bbox 606 3645 671 3730; x_wconf 92' lang='lat' dir='ltr'>ipsi</span> <span class='ocrx_word' id='word_1_303' title='bbox 692 3666 783 3714; x_wconf 89' lang='lat' dir='ltr'>muro</span> <span class='ocrx_word' id='word_1_304' title='bbox 808 3647 911 3714; x_wconf 90' lang='lat' dir='ltr'>eidem</span> <span class='ocrx_word' id='word_1_305' title='bbox 935 3646 1071 3712; x_wconf 87' lang='lat' dir='ltr'>ecclesie</span> <span class='ocrx_word' id='word_1_306' title='bbox 1095 3645 1324 3726; x_wconf 90' lang='lat' dir='ltr'>concessimus,</span> <span class='ocrx_word' id='word_1_307' title='bbox 1356 3653 1393 3712; x_wconf 91' lang='lat' dir='ltr'>ut</span> <span class='ocrx_word' id='word_1_308' title='bbox 1416 3665 1549 3712; x_wconf 89' lang='lat' dir='ltr'>censum</span> <span class='ocrx_word' id='word_1_309' title='bbox 1571 3646 1731 3712; x_wconf 84' lang='lat' dir='ltr'>hactenus</span> <span class='ocrx_word' id='word_1_310' title='bbox 1754 3647 1795 3712; x_wconf 90' lang='lat' dir='ltr'>de</span> <span class='ocrx_word' id='word_1_311' title='bbox 1818 3648 1933 3712; x_wconf 88' lang='lat' dir='ltr'>eodem</span> <span class='ocrx_word' id='word_1_312' title='bbox 1958 3653 2034 3712; x_wconf 89' lang='lat' dir='ltr'>orto</span> 
     </span>
     <span class='ocr_line' id='line_1_31' title="bbox 378 3751 2032 3836; baseline 0 -19"><span class='ocrx_word' id='word_1_313' title='bbox 378 3752 519 3818; x_wconf 88' lang='lat' dir='ltr'>solutum</span> <span class='ocrx_word' id='word_1_314' title='bbox 534 3753 712 3836; x_wconf 86' lang='lat' dir='ltr'>persolvat,</span> <span class='ocrx_word' id='word_1_315' title='bbox 738 3753 793 3834; x_wconf 88' lang='lat' dir='ltr'>qui</span> <span class='ocrx_word' id='word_1_316' title='bbox 809 3773 873 3820; x_wconf 89' lang='lat' dir='ltr'>non</span> <span class='ocrx_word' id='word_1_317' title='bbox 890 3751 1060 3820; x_wconf 80' lang='lat' dir='ltr'>auferetur</span> <span class='ocrx_word' id='word_1_318' title='bbox 1075 3751 1114 3835; x_wconf 90' lang='lat' dir='ltr'>ci,</span> <span class='ocrx_word' id='word_1_319' title='bbox 1140 3751 1293 3834; x_wconf 87' lang='lat' dir='ltr'>quamdiu</span> <span class='ocrx_word' id='word_1_320' title='bbox 1309 3752 1404 3820; x_wconf 89' lang='lat' dir='ltr'>nobis</span> <span class='ocrx_word' id='word_1_321' title='bbox 1419 3771 1480 3834; x_wconf 90' lang='lat' dir='ltr'>pro</span> <span class='ocrx_word' id='word_1_322' title='bbox 1497 3771 1596 3819; x_wconf 90' lang='lat' dir='ltr'>censu</span> <span class='ocrx_word' id='word_1_323' title='bbox 1611 3751 1778 3820; x_wconf 86' lang='lat' dir='ltr'>videbitur</span> <span class='ocrx_word' id='word_1_324' title='bbox 1793 3754 2032 3819; x_wconf 87' lang='lat' dir='ltr'>concedendus.</span> 
     </span>
     <span class='ocr_line' id='line_1_32' title="bbox 378 3857 2035 3942; baseline 0.001 -19"><span class='ocrx_word' id='word_1_325' title='bbox 378 3859 426 3924; x_wconf 93' lang='lat' dir='ltr'>Ne</span> <span class='ocrx_word' id='word_1_326' title='bbox 448 3858 551 3942; x_wconf 90' lang='lat' dir='ltr'>igitur</span> <span class='ocrx_word' id='word_1_327' title='bbox 566 3863 595 3925; x_wconf 78' lang='lat' dir='ltr'>&#39;a</span> <span class='ocrx_word' id='word_1_328' title='bbox 618 3859 740 3926; x_wconf 90' lang='lat' dir='ltr'>nostris</span> <span class='ocrx_word' id='word_1_329' title='bbox 764 3860 905 3942; x_wconf 90' lang='lat' dir='ltr'>posteris</span> <span class='ocrx_word' id='word_1_330' title='bbox 929 3859 1079 3927; x_wconf 90' lang='lat' dir='ltr'>revocari</span> <span class='ocrx_word' id='word_1_331' title='bbox 1102 3859 1207 3942; x_wconf 91' lang='lat' dir='ltr'>possit</span> <span class='ocrx_word' id='word_1_332' title='bbox 1229 3858 1264 3926; x_wconf 90' lang='lat' dir='ltr'>in</span> <span class='ocrx_word' id='word_1_333' title='bbox 1286 3859 1426 3942; x_wconf 88' lang='lat' dir='ltr'>irritum,</span> <span class='ocrx_word' id='word_1_334' title='bbox 1457 3859 1627 3926; x_wconf 85' lang='lat' dir='ltr'>literarum</span> <span class='ocrx_word' id='word_1_335' title='bbox 1657 3866 1846 3926; x_wconf 87' lang='lat' dir='ltr'>nostrarum</span> <span class='ocrx_word' id='word_1_336' title='bbox 1875 3865 1911 3926; x_wconf 92' lang='lat' dir='ltr'>et</span> <span class='ocrx_word' id='word_1_337' title='bbox 1933 3857 2035 3942; x_wconf 85' lang='lat' dir='ltr'>sigilli</span> 
     </span>
     <span class='ocr_line' id='line_1_33' title="bbox 377 3961 2035 4048; baseline 0 -18"><span class='ocrx_word' id='word_1_338' title='bbox 377 3961 551 4032; x_wconf 90' lang='lat' dir='ltr'>munimine</span> <span class='ocrx_word' id='word_1_339' title='bbox 574 3968 776 4034; x_wconf 86' lang='lat' dir='ltr'>roboramus.</span> <span class='ocrx_word' id='word_1_340' title='bbox 812 3967 918 4034; x_wconf 91' lang='lat' dir='ltr'>Huius</span> <span class='ocrx_word' id='word_1_341' title='bbox 941 3967 990 4034; x_wconf 90' lang='lat' dir='ltr'>rei</span> <span class='ocrx_word' id='word_1_342' title='bbox 1013 3973 1117 4033; x_wconf 91' lang='lat' dir='ltr'>testes</span> <span class='ocrx_word' id='word_1_343' title='bbox 1141 3973 1234 4032; x_wconf 88' lang='lat' dir='ltr'>sunt:</span> <span class='ocrx_word' id='word_1_344' title='bbox 1259 3969 1430 4033; x_wconf 88' lang='lat' dir='ltr'>Conradus</span> <span class='ocrx_word' id='word_1_345' title='bbox 1446 3969 1600 4048; x_wconf 88' lang='lat' dir='ltr'>decanus,</span> <span class='ocrx_word' id='word_1_346' title='bbox 1624 3966 1790 4032; x_wconf 84' lang='lat' dir='ltr'>Amoldus</span> <span class='ocrx_word' id='word_1_347' title='bbox 1813 3968 1854 4031; x_wconf 92' lang='lat' dir='ltr'>de</span> <span class='ocrx_word' id='word_1_348' title='bbox 1870 3965 2035 4032; x_wconf 86' lang='lat' dir='ltr'>Redelen·</span> 
     </span>
     <span class='ocr_line' id='line_1_34' title="bbox 378 4071 2031 4156; baseline 0 -18"><span class='ocrx_word' id='word_1_349' title='bbox 378 4071 471 4154; x_wconf 92' lang='lat' dir='ltr'>heim,</span> <span class='ocrx_word' id='word_1_350' title='bbox 496 4072 723 4140; x_wconf 83' lang='lat' dir='ltr'>Hartmannus</span> <span class='ocrx_word' id='word_1_351' title='bbox 738 4074 823 4140; x_wconf 88' lang='lat' dir='ltr'>iilius</span> <span class='ocrx_word' id='word_1_352' title='bbox 835 4073 1027 4156; x_wconf 88' lang='lat' dir='ltr'>Ruprechti,</span> <span class='ocrx_word' id='word_1_353' title='bbox 1044 4073 1244 4154; x_wconf 84' lang='lat' dir='ltr'>Fridericus,</span> <span class='ocrx_word' id='word_1_354' title='bbox 1262 4071 1428 4156; x_wconf 83' lang='lat' dir='ltr'>canonici3</span> <span class='ocrx_word' id='word_1_355' title='bbox 1452 4072 1649 4139; x_wconf 81' lang='lat' dir='ltr'>Ebervvinus</span> <span class='ocrx_word' id='word_1_356' title='bbox 1665 4071 1835 4154; x_wconf 89' lang='lat' dir='ltr'>scultetus,</span> <span class='ocrx_word' id='word_1_357' title='bbox 1860 4071 2031 4155; x_wconf 86' lang='lat' dir='ltr'>Ripertus,</span> 
     </span>
     <span class='ocr_line' id='line_1_35' title="bbox 378 4177 2030 4262; baseline -0.001 -19"><span class='ocrx_word' id='word_1_358' title='bbox 378 4179 548 4244; x_wconf 78' lang='lat' dir='ltr'>Corradus</span> <span class='ocrx_word' id='word_1_359' title='bbox 577 4179 663 4246; x_wconf 89' lang='lat' dir='ltr'>filius</span> <span class='ocrx_word' id='word_1_360' title='bbox 693 4180 827 4247; x_wconf 86' lang='lat' dir='ltr'>eiusde</span> <span class='ocrx_word' id='word_1_361' title='bbox 855 4180 1089 4262; x_wconf 88' lang='lat' dir='ltr'>Sassenhusen,</span> <span class='ocrx_word' id='word_1_362' title='bbox 1121 4179 1288 4246; x_wconf 84' lang='lat' dir='ltr'>Helvicus</span> <span class='ocrx_word' id='word_1_363' title='bbox 1318 4187 1352 4246; x_wconf 86' lang='lat' dir='ltr'>et</span> <span class='ocrx_word' id='word_1_364' title='bbox 1381 4179 1538 4246; x_wconf 88' lang='lat' dir='ltr'>Hinriens</span> <span class='ocrx_word' id='word_1_365' title='bbox 1567 4177 1675 4246; x_wconf 84' lang='lat' dir='ltr'>irater</span> <span class='ocrx_word' id='word_1_366' title='bbox 1703 4197 1791 4261; x_wconf 87' lang='lat' dir='ltr'>suus,</span> <span class='ocrx_word' id='word_1_367' title='bbox 1816 4177 2030 4258; x_wconf 76' lang='lat' dir='ltr'>WuIIramuS,</span> 
     </span>
     <span class='ocr_line' id='line_1_36' title="bbox 376 4283 2030 4372; baseline 0.001 -22"><span class='ocrx_word' id='word_1_368' title='bbox 376 4283 513 4367; x_wconf 91' lang='lat' dir='ltr'>milites;</span> <span class='ocrx_word' id='word_1_369' title='bbox 546 4285 717 4352; x_wconf 80' lang='lat' dir='ltr'>Iohannes</span> <span class='ocrx_word' id='word_1_370' title='bbox 741 4287 927 4372; x_wconf 81' lang='lat' dir='ltr'>Cultstepn,</span> <span class='ocrx_word' id='word_1_371' title='bbox 961 4286 1125 4368; x_wconf 83' lang='lat' dir='ltr'>Wilrerus,</span> <span class='ocrx_word' id='word_1_372' title='bbox 1159 4283 1384 4369; x_wconf 87' lang='lat' dir='ltr'>Baldemarus,</span> <span class='ocrx_word' id='word_1_373' title='bbox 1418 4286 1585 4368; x_wconf 89' lang='lat' dir='ltr'>Hinricus,</span> <span class='ocrx_word' id='word_1_374' title='bbox 1613 4285 1814 4366; x_wconf 85' lang='lat' dir='ltr'>waltherus,</span> <span class='ocrx_word' id='word_1_375' title='bbox 1848 4287 2030 4366; x_wconf 84' lang='lat' dir='ltr'>Conradus,</span> 
     </span>
     <span class='ocr_line' id='line_1_37' title="bbox 376 4391 2031 4475; baseline 0.001 -20"><span class='ocrx_word' id='word_1_376' title='bbox 376 4391 561 4473; x_wconf 89' lang='lat' dir='ltr'>Bertoldus,</span> <span class='ocrx_word' id='word_1_377' title='bbox 595 4394 808 4475; x_wconf 88' lang='lat' dir='ltr'>Hartmodus,</span> <span class='ocrx_word' id='word_1_378' title='bbox 842 4395 1022 4474; x_wconf 85' lang='lat' dir='ltr'>Corradus,</span> <span class='ocrx_word' id='word_1_379' title='bbox 1057 4393 1192 4473; x_wconf 90' lang='lat' dir='ltr'>scabini,</span> <span class='ocrx_word' id='word_1_380' title='bbox 1227 4399 1261 4459; x_wconf 91' lang='lat' dir='ltr'>et</span> <span class='ocrx_word' id='word_1_381' title='bbox 1290 4392 1347 4459; x_wconf 93' lang='lat' dir='ltr'>alii</span> <span class='ocrx_word' id='word_1_382' title='bbox 1376 4393 1465 4460; x_wconf 89' lang='lat' dir='ltr'>cives</span> <span class='ocrx_word' id='word_1_383' title='bbox 1495 4412 1592 4475; x_wconf 84' lang='lat' dir='ltr'>quam</span> <span class='ocrx_word' id='word_1_384' title='bbox 1621 4392 1741 4475; x_wconf 89' lang='lat' dir='ltr'>plures.</span> <span class='ocrx_word' id='word_1_385' title='bbox 1789 4393 1914 4458; x_wconf 88' lang='lat' dir='ltr'>Datum</span> <span class='ocrx_word' id='word_1_386' title='bbox 1943 4411 2031 4459; x_wconf 91' lang='lat' dir='ltr'>anno</span> 
     </span>
     <span class='ocr_line' id='line_1_38' title="bbox 376 4479 802 4566; baseline 0.007 -4"><span class='ocrx_word' id='word_1_387' title='bbox 376 4496 497 4564; x_wconf 80' lang='lat' dir='ltr'>commi</span> <span class='ocrx_word' id='word_1_388' title='bbox 520 4479 563 4563; x_wconf 83' lang='lat' dir='ltr'>ic.</span> <span class='ocrx_word' id='word_1_389' title='bbox 590 4479 651 4565; x_wconf 81' lang='lat' dir='ltr'>dc.</span> <span class='ocrx_word' id='word_1_390' title='bbox 676 4479 802 4566; x_wconf 79' lang='lat' dir='ltr'>xciii.</span> 
     </span>
    </p>

    <p class='ocr_par' dir='ltr' id='par_1_9' title="bbox 589 4613 1488 4684">
     <span class='ocr_line' id='line_1_39' title="bbox 589 4613 1488 4684; baseline 0.002 -18"><span class='ocrx_word' id='word_1_391' title='bbox 589 4613 719 4670; x_wconf 80' lang='lat' dir='ltr'>Hairvccr</span> <span class='ocrx_word' id='word_1_392' title='bbox 738 4613 905 4684; x_wconf 79' lang='lat' dir='ltr'>Coptaibcch</span> <span class='ocrx_word' id='word_1_393' title='bbox 922 4615 990 4681; x_wconf 69' lang='lat' dir='ltr'>siv.</span> <span class='ocrx_word' id='word_1_394' title='bbox 1010 4615 1048 4670; x_wconf 83' lang='lat' dir='ltr'>St.</span> <span class='ocrx_word' id='word_1_395' title='bbox 1062 4616 1096 4670; x_wconf 77' lang='lat' dir='ltr'>A.</span> <span class='ocrx_word' id='word_1_396' title='bbox 1111 4615 1256 4683; x_wconf 77' lang='lat' dir='ltr'>Mcrbarp.</span> <span class='ocrx_word' id='word_1_397' title='bbox 1277 4645 1310 4652; x_wconf 99' lang='lat'>—</span> <span class='ocrx_word' id='word_1_398' title='bbox 1330 4614 1488 4680; x_wconf 77' lang='lat' dir='ltr'>Cretesead.</span> 
     </span>
    </p>
   </div>
   <div class='ocr_carea' id='block_1_8' title="bbox 590 4701 1189 4862">
    <p class='ocr_par' dir='ltr' id='par_1_10' title="bbox 590 4701 1189 4862">
     <span class='ocr_line' id='line_1_40' title="bbox 590 4701 1189 4774; baseline 0.005 -20"><span class='ocrx_word' id='word_1_399' title='bbox 590 4701 672 4756; x_wconf 64' lang='lat' dir='ltr'>Cede.</span> <span class='ocrx_word' id='word_1_400' title='bbox 691 4703 762 4757; x_wconf 74' lang='lat' dir='ltr'>noch</span> <span class='ocrx_word' id='word_1_401' title='bbox 780 4703 916 4758; x_wconf 64' lang='lat' dir='ltr'>omittes</span> <span class='ocrx_word' id='word_1_402' title='bbox 934 4705 1065 4774; x_wconf 78' lang='lat' dir='ltr'>Vorlopc:</span> <span class='ocrx_word' id='word_1_403' title='bbox 1084 4705 1128 4771; x_wconf 83' lang='lat'>13,</span> <span class='ocrx_word' id='word_1_404' title='bbox 1146 4708 1189 4758; x_wconf 84' lang='lat'>73.</span> 
     </span>
     <span class='ocr_line' id='line_1_41' title="bbox 595 4791 1149 4862; baseline 0 -18"><span class='ocrx_word' id='word_1_405' title='bbox 595 4791 686 4846; x_wconf 73' lang='lat' dir='ltr'>Vera:</span> <span class='ocrx_word' id='word_1_406' title='bbox 707 4791 831 4860; x_wconf 75' lang='lat' dir='ltr'>Ibmnos,</span> <span class='ocrx_word' id='word_1_407' title='bbox 850 4793 902 4848; x_wconf 85' lang='lat' dir='ltr'>Fr.</span> <span class='ocrx_word' id='word_1_408' title='bbox 916 4792 1005 4862; x_wconf 74' lang='lat' dir='ltr'>Arch,</span> <span class='ocrx_word' id='word_1_409' title='bbox 1025 4793 1069 4860; x_wconf 89' lang='lat' dir='ltr'><strong>II,</strong></span> <span class='ocrx_word' id='word_1_410' title='bbox 1089 4795 1149 4848; x_wconf 85' lang='lat'><em>105.</em></span> 
     </span>
    </p>
   </div>
   <div class='ocr_carea' id='block_1_9' title="bbox 375 4988 2026 5190">
    <p class='ocr_par' dir='ltr' id='par_1_11' title="bbox 375 4988 2026 5190">
     <span class='ocr_line' id='line_1_42' title="bbox 375 4988 2026 5080; baseline 0.001 -18"><span class='ocrx_word' id='word_1_411' title='bbox 375 4988 466 5064; x_wconf 79' lang='grc'><strong>136.</strong></span> <span class='ocrx_word' id='word_1_412' title='bbox 490 4998 682 5063; x_wconf 76' lang='lat' dir='ltr'>Sclucltbeiss</span> <span class='ocrx_word' id='word_1_413' title='bbox 711 4999 882 5065; x_wconf 81' lang='lat' dir='ltr'>Eberhard</span> <span class='ocrx_word' id='word_1_414' title='bbox 912 5021 971 5064; x_wconf 82' lang='lat' dir='ltr'>coo</span> <span class='ocrx_word' id='word_1_415' title='bbox 1001 4999 1187 5080; x_wconf 68' lang='lat' dir='ltr'>Frual‘fuvt</span> <span class='ocrx_word' id='word_1_416' title='bbox 1216 4998 1327 5080; x_wconf 68' lang='lat' dir='ltr'>bcfrcit</span> <span class='ocrx_word' id='word_1_417' title='bbox 1355 4999 1406 5064; x_wconf 75' lang='lat' dir='ltr'>dir</span> <span class='ocrx_word' id='word_1_418' title='bbox 1435 4999 1571 5062; x_wconf 80' lang='lat' dir='ltr'>Ildochc</span> <span class='ocrx_word' id='word_1_419' title='bbox 1600 5002 1635 5064; x_wconf 79' lang='lat' dir='ltr'>io</span> <span class='ocrx_word' id='word_1_420' title='bbox 1665 4998 1809 5064; x_wconf 83' lang='lat' dir='ltr'>Hcslccb</span> <span class='ocrx_word' id='word_1_421' title='bbox 1839 5020 1900 5064; x_wconf 78' lang='lat' dir='ltr'>uos</span> <span class='ocrx_word' id='word_1_422' title='bbox 1930 5003 2026 5063; x_wconf 71' lang='lat' dir='ltr'>cincta</span> 
     </span>
     <span class='ocr_line' id='line_1_43' title="bbox 489 5103 1934 5190; baseline 0.002 -23"><span class='ocrx_word' id='word_1_423' title='bbox 489 5105 783 5190; x_wconf 73' lang='lat' dir='ltr'>niclvtbcprcimlvtea</span> <span class='ocrx_word' id='word_1_424' title='bbox 808 5103 912 5183; x_wconf 80' lang='lat' dir='ltr'>Zins‚¹</span> <span class='ocrx_word' id='word_1_425' title='bbox 935 5107 995 5170; x_wconf 79' lang='lat' dir='ltr'>dccc</span> <span class='ocrx_word' id='word_1_426' title='bbox 1018 5109 1063 5169; x_wconf 83' lang='lat' dir='ltr'>sic</span> <span class='ocrx_word' id='word_1_427' title='bbox 1086 5128 1156 5170; x_wconf 57' lang='lat' dir='ltr'>‘occasu</span> <span class='ocrx_word' id='word_1_428' title='bbox 1181 5106 1273 5170; x_wconf 78' lang='lat' dir='ltr'>Wuhl</span> <span class='ocrx_word' id='word_1_429' title='bbox 1296 5106 1434 5170; x_wconf 48' lang='lat' dir='ltr'>»strauere</span> <span class='ocrx_word' id='word_1_430' title='bbox 1455 5107 1589 5171; x_wconf 65' lang='lat' dir='ltr'>zedlica.</span> <span class='ocrx_word' id='word_1_431' title='bbox 1637 5111 1724 5170; x_wconf 76' lang='lat'>1244</span> <span class='ocrx_word' id='word_1_432' title='bbox 1750 5107 1881 5173; x_wconf 79' lang='lat' dir='ltr'>October</span> <span class='ocrx_word' id='word_1_433' title='bbox 1904 5112 1934 5171; x_wconf 87' lang='lat'>1.</span> 
     </span>
    </p>
   </div>
   <div class='ocr_carea' id='block_1_10' title="bbox 375 5245 2028 5437">
    <p class='ocr_par' dir='ltr' id='par_1_12' title="bbox 375 5245 2028 5437">
     <span class='ocr_line' id='line_1_44' title="bbox 480 5245 2028 5315; baseline 0.003 -5"><span class='ocrx_word' id='word_1_434' title='bbox 480 5245 693 5312; x_wconf 83' lang='lat' dir='ltr'>Eberhardus</span> <span class='ocrx_word' id='word_1_435' title='bbox 727 5246 887 5312; x_wconf 90' lang='lat' dir='ltr'>scultetus</span> <span class='ocrx_word' id='word_1_436' title='bbox 920 5249 959 5312; x_wconf 91' lang='lat' dir='ltr'>de</span> <span class='ocrx_word' id='word_1_437' title='bbox 992 5247 1235 5313; x_wconf 86' lang='lat' dir='ltr'>Frankenvort.</span> <span class='ocrx_word' id='word_1_438' title='bbox 1290 5249 1370 5314; x_wconf 90' lang='lat' dir='ltr'>Cum</span> <span class='ocrx_word' id='word_1_439' title='bbox 1401 5245 1561 5314; x_wconf 89' lang='lat' dir='ltr'>relatione</span> <span class='ocrx_word' id='word_1_440' title='bbox 1592 5247 1751 5314; x_wconf 89' lang='lat' dir='ltr'>maiorum</span> <span class='ocrx_word' id='word_1_441' title='bbox 1782 5247 1947 5315; x_wconf 88' lang='lat' dir='ltr'>veraciter</span> <span class='ocrx_word' id='word_1_442' title='bbox 1978 5247 2028 5314; x_wconf 93' lang='lat' dir='ltr'>in-</span> 
     </span>
     <span class='ocr_line' id='line_1_45' title="bbox 375 5351 2025 5437; baseline 0.002 -19"><span class='ocrx_word' id='word_1_443' title='bbox 375 5352 604 5432; x_wconf 84' lang='lat' dir='ltr'>tellexerImus,</span> <span class='ocrx_word' id='word_1_444' title='bbox 629 5351 754 5419; x_wconf 86' lang='lat' dir='ltr'>iratres</span> <span class='ocrx_word' id='word_1_445' title='bbox 778 5354 818 5418; x_wconf 88' lang='lat' dir='ltr'>de</span> <span class='ocrx_word' id='word_1_446' title='bbox 841 5353 1006 5419; x_wconf 89' lang='lat' dir='ltr'>Haselach</span> <span class='ocrx_word' id='word_1_447' title='bbox 1030 5352 1132 5418; x_wconf 76' lang='lat' dir='ltr'><strong>IIII⁰‘</strong></span> <span class='ocrx_word' id='word_1_448' title='bbox 1153 5353 1281 5419; x_wconf 88' lang='lat' dir='ltr'>maldra</span> <span class='ocrx_word' id='word_1_449' title='bbox 1311 5353 1450 5437; x_wconf 88' lang='lat' dir='ltr'>siliginls</span> <span class='ocrx_word' id='word_1_450' title='bbox 1480 5373 1540 5435; x_wconf 93' lang='lat' dir='ltr'>per</span> <span class='ocrx_word' id='word_1_451' title='bbox 1569 5353 1696 5435; x_wconf 88' lang='lat' dir='ltr'>aliquos</span> <span class='ocrx_word' id='word_1_452' title='bbox 1726 5373 1830 5420; x_wconf 91' lang='lat' dir='ltr'>anuos</span> <span class='ocrx_word' id='word_1_453' title='bbox 1861 5355 1901 5420; x_wconf 89' lang='lat' dir='ltr'>dc</span> <span class='ocrx_word' id='word_1_454' title='bbox 1932 5355 2025 5433; x_wconf 85' lang='lat' dir='ltr'>silva,</span> 
     </span>
    </p>
   </div>
   <div class='ocr_carea' id='block_1_11' title="bbox 373 5546 2025 5791">
    <p class='ocr_par' dir='ltr' id='par_1_13' title="bbox 373 5546 2025 5791">
     <span class='ocr_line' id='line_1_46' title="bbox 429 5546 2025 5618; baseline 0.002 -19"><span class='ocrx_word' id='word_1_455' title='bbox 429 5547 436 5578; x_wconf 92' lang='lat'><strong>¹</strong></span> <span class='ocrx_word' id='word_1_456' title='bbox 455 5547 514 5600; x_wconf 81' lang='lat' dir='ltr'>Eia</span> <span class='ocrx_word' id='word_1_457' title='bbox 532 5547 653 5600; x_wconf 73' lang='lat' dir='ltr'>rceitmr</span> <span class='ocrx_word' id='word_1_458' title='bbox 665 5547 733 5601; x_wconf 82' lang='lat' dir='ltr'>Zins</span> <span class='ocrx_word' id='word_1_459' title='bbox 751 5564 789 5600; x_wconf 78' lang='lat' dir='ltr'>arc</span> <span class='ocrx_word' id='word_1_460' title='bbox 808 5547 859 5601; x_wconf 80' lang='lat' dir='ltr'>den</span> <span class='ocrx_word' id='word_1_461' title='bbox 878 5546 1068 5612; x_wconf 81' lang='lat' dir='ltr'>Franksurter</span> <span class='ocrx_word' id='word_1_462' title='bbox 1081 5547 1174 5601; x_wconf 83' lang='lat' dir='ltr'>Schul·</span> <span class='ocrx_word' id='word_1_463' title='bbox 1227 5548 1363 5602; x_wconf 85' lang='lat' dir='ltr'>scultbeto</span> <span class='ocrx_word' id='word_1_464' title='bbox 1382 5549 1415 5602; x_wconf 88' lang='lat' dir='ltr'>de</span> <span class='ocrx_word' id='word_1_465' title='bbox 1432 5547 1618 5602; x_wconf 82' lang='lat' dir='ltr'>Frcuheniort</span> <span class='ocrx_word' id='word_1_466' title='bbox 1636 5548 1696 5615; x_wconf 89' lang='lat' dir='ltr'>ipsa</span> <span class='ocrx_word' id='word_1_467' title='bbox 1714 5547 1758 5602; x_wconf 86' lang='lat' dir='ltr'>dia</span> <span class='ocrx_word' id='word_1_468' title='bbox 1770 5547 1905 5618; x_wconf 75' lang='lat' dir='ltr'>[hiemini]</span> <span class='ocrx_word' id='word_1_469' title='bbox 1919 5549 2025 5603; x_wconf 83' lang='lat' dir='ltr'><strong>XXIIII</strong></span> 
     </span>
     <span class='ocr_line' id='line_1_47' title="bbox 373 5635 1572 5706; baseline 0.003 -19"><span class='ocrx_word' id='word_1_470' title='bbox 373 5635 487 5690; x_wconf 78' lang='lat' dir='ltr'>tlueisseu</span> <span class='ocrx_word' id='word_1_471' title='bbox 499 5637 569 5689; x_wconf 80' lang='lat' dir='ltr'>tcird</span> <span class='ocrx_word' id='word_1_472' title='bbox 581 5637 617 5689; x_wconf 84' lang='lat' dir='ltr'>im</span> <span class='ocrx_word' id='word_1_473' title='bbox 633 5639 676 5690; x_wconf 91' lang='lat' dir='ltr'>Oc.</span> <span class='ocrx_word' id='word_1_474' title='bbox 688 5637 768 5690; x_wconf 83' lang='lat' dir='ltr'>Mem.</span> <span class='ocrx_word' id='word_1_475' title='bbox 779 5636 805 5704; x_wconf 86' lang='lat' dir='ltr'>I,</span> <span class='ocrx_word' id='word_1_476' title='bbox 814 5637 834 5702; x_wconf 79' lang='lat' dir='ltr'>t.</span> <span class='ocrx_word' id='word_1_477' title='bbox 847 5639 881 5690; x_wconf 78' lang='lat'>73</span> <span class='ocrx_word' id='word_1_478' title='bbox 894 5639 927 5702; x_wconf 90' lang='lat' dir='ltr'>(c.</span> <span class='ocrx_word' id='word_1_479' title='bbox 939 5640 1020 5704; x_wconf 73' lang='lat'><em>1250)</em></span> <span class='ocrx_word' id='word_1_480' title='bbox 1037 5638 1174 5690; x_wconf 70' lang='lat' dir='ltr'>muciiurut:</span> <span class='ocrx_word' id='word_1_481' title='bbox 1227 5638 1353 5691; x_wconf 74' lang='lat' dir='ltr'>denarios</span> <span class='ocrx_word' id='word_1_482' title='bbox 1371 5637 1572 5706; x_wconf 68' lang='lat' dir='ltr'>litigantium*</span> 
     </span>
     <span class='ocr_line' id='line_1_48' title="bbox 375 5723 1174 5791; baseline 0.004 -15"><span class='ocrx_word' id='word_1_483' title='bbox 375 5723 525 5790; x_wconf 86' lang='lat' dir='ltr'>,Haselach</span> <span class='ocrx_word' id='word_1_484' title='bbox 543 5739 592 5790; x_wconf 87' lang='lat' dir='ltr'>pro</span> <span class='ocrx_word' id='word_1_485' title='bbox 611 5739 693 5778; x_wconf 87' lang='lat' dir='ltr'>censu</span> <span class='ocrx_word' id='word_1_486' title='bbox 712 5723 803 5778; x_wconf 88' lang='lat' dir='ltr'>dabit:</span> <span class='ocrx_word' id='word_1_487' title='bbox 824 5725 864 5778; x_wconf 89' lang='lat' dir='ltr'>De</span> <span class='ocrx_word' id='word_1_488' title='bbox 883 5730 962 5791; x_wconf 87' lang='lat' dir='ltr'>prato</span> <span class='ocrx_word' id='word_1_489' title='bbox 982 5725 1174 5779; x_wconf 84' lang='lat' dir='ltr'>Huserbrcclre</span> 
     </span>
    </p>
   </div>
   <div class='ocr_carea' id='block_1_12' title="bbox 0 0 2204 6384">
    <p class='ocr_par' dir='ltr' id='par_1_14' title="bbox 0 0 2204 6384">
     <span class='ocr_line' id='line_1_49' title="bbox 0 0 2204 6384; baseline 0 3"><span class='ocrx_word' id='word_1_490' title='bbox 0 0 2204 6384; x_wconf 95' lang='lat' dir='ltr'> </span> 
     </span>
    </p>
   </div>
  </div>
 </body>
</html>
