4400 6384
904 303 974 358 1293
993 303 1048 357 mar
1068 303 1111 358 aa.
1771 310 1836 375 317

179 499 301 570 ditario
332 499 539 584 possidenda.
587 501 641 568 Ita
668 508 789 584 tamen,
814 504 900 583 quod
924 520 945 567 a
968 500 1062 567 nobis
1093 501 1147 569 vel
1170 503 1212 567 ab
1236 500 1345 583 aliquo
1368 501 1524 569 heredum
1547 509 1733 571 nostrorum
1755 504 1838 587 ipsis

179 610 275 676 bonis
298 608 566 692 permanentibus
589 607 739 676 indivisis
763 610 804 674 ab
829 627 895 674 nna
918 627 1016 674 manu
1040 614 1166 690 septem
1190 607 1311 674 octalia
1335 607 1474 693 siliginis
1494 609 1837 678 Franckenfurdensis

178 735 330 784 mensure
358 715 535 798 sepedictis
560 714 721 782 fratribus
746 713 916 782 annuatim
939 721 1085 798 tempore
1109 713 1262 781 messium
1285 721 1363 781 ante
1387 713 1508 782 festum
1530 716 1621 782 beati
1643 718 1837 785 Micbahelis

180 831 339 908 perpetuo
364 823 606 906 persolvantur.
645 821 753 888 Huius
776 822 825 888 rei
849 829 951 888 testes
976 830 1051 889 sunt
1076 821 1245 890 videlicet:
1272 821 1432 889 Gerlacus
1455 824 1615 905 plebanus
1634 828 1674 891 de
1690 826 1835 908 Bucbem

179 931 329 998 dominus
351 929 515 996 Henricus
539 929 647 996 dictus
671 933 710 995 de
734 929 950 1014 Holczburg,⁰
972 932 1176 1009 sacerdotes;
1200 929 1279 995 item
1303 930 1474 996 Conradus
1491 929 1646 1013 Suevos<¹
1667 933 1837 998 Conradus

179 1041 220 1104 de
251 1036 436 1103 Prumbeim
466 1043 500 1102 et
524 1035 762 1102 Dielmannus⁹
792 1036 900 1103 dictus
923 1036 1091 1119 Capelerc,
1122 1035 1259 1119 milites;
1290 1035 1369 1103 item
1392 1037 1559 1103 Arnoldus
1588 1041 1629 1104 de
1653 1039 1835 1124 Glauburg,

179 1144 278 1228 Giplo
312 1147 351 1209 de
381 1139 612 1208 Holczbusen¹
638 1143 833 1226 liudegerus
866 1141 973 1210 frater
1005 1161 1099 1226 suuS,
1135 1149 1168 1208 et
1198 1141 1349 1226 Syfridus
1382 1147 1422 1209 dc
1453 1145 1683 1227 Gysenheim,⁸
1710 1147 1838 1214 scabini

178 1249 527 1334 Frankenfordenses3
552 1250 630 1316 item
643 1251 844 1317 Wcrnlrerus
860 1250 968 1316 dictus
986 1250 1100 1332 Falke,
1126 1249 1303 1317 Heinricus
1319 1251 1593 1334 Kaldebecbere,¹¹
1614 1259 1649 1319 et
1668 1253 1724 1319 alii
1740 1274 1837 1335 quam

179 1357 290 1441 plures
317 1355 481 1441 fidedigni.
529 1359 582 1423 Ad
606 1357 760 1423 maiorem
783 1375 862 1423 vero
885 1355 981 1422 buius
1005 1355 1053 1421 rei
1076 1355 1278 1424 evidenciam
1302 1363 1336 1424 et
1359 1360 1460 1424 robur
1484 1367 1677 1441 perpetuum
1700 1380 1837 1443 presens

179 1465 338 1547 scriptum
367 1465 444 1530 inde
475 1462 660 1531 confectum
690 1463 807 1548 rogavi
837 1462 943 1546 sigillo
974 1460 1093 1530 civium
1118 1461 1497 1532 Franckenfordensium
1521 1465 1721 1532 communiri.
1768 1469 1837 1533 Nos

178 1593 257 1639 vero
289 1573 459 1654 scultetus,
485 1571 611 1638 scabini
642 1571 807 1653 ceterique
835 1570 925 1637 cives
948 1568 1297 1637 Franckenfordenses
1322 1572 1462 1654 predicti
1485 1575 1526 1638 ad
1551 1593 1666 1656 preces
1682 1573 1838 1657 Wigandi

178 1677 230 1745 eti
260 1679 371 1746 uxoris
395 1698 453 1746 sue
477 1680 708 1761 predictorum,
734 1697 861 1744 necnon
885 1683 918 1744 et
941 1677 1169 1761 religiosorum
1185 1677 1330 1746 virorum
1346 1677 1488 1746 fratrum
1504 1683 1618 1747 domus
1634 1680 1837 1748 'theutonice

177 1785 210 1851 in
239 1787 466 1852 Sassenbusen
500 1793 753 1852 memoratorum
790 1784 929 1868 sigillum
965 1792 1113 1851 nostrum
1149 1784 1298 1851 duximus
1333 1786 1543 1868 presentibus
1575 1790 1834 1870 appendendum.

178 1894 300 1959 Datum
325 1912 411 1958 anno
435 1892 556 1960 domini
579 1894 618 1960 rb.
642 1911 687 1957 cc.
710 1889 785 1964 XC.o
800 1892 912 1974 tercio,
937 1891 971 1958 in
995 1893 1141 1958 crastino
1165 1892 1368 1958 ascensionis
1392 1893 1522 1960 domini.

390 2033 533 2100 Absclrrc'st
558 2037 614 2100 (15.
634 2033 746 2100 Jahrb.)
774 2034 812 2087 im
840 2033 1037 2089 Piecarcbacuc
1064 2035 1111 2090 dcc
1137 2035 1456 2091 Deutacbordeualrouses
1482 2053 1518 2090 zu
1545 2036 1775 2093 Sacbsorbcusen.
1802 2067 1835 2077 -

446 2124 530 2178 Grotc
543 2124 604 2178 aad.

393 2213 491 2268 Geth:
510 2122 627 2282 lisania,
640 2213 660 2266 1
666 2213 695 2282 V,
707 2215 760 2266 815
773 2214 843 2268 crocle
855 2214 998 2279 Abscbra'st
1011 2215 1047 2267 im
1062 2215 1560 2271 Deutscbordeua·Dolumcutenbucb.
1592 2217 1631 2271 Sc.
1643 2219 1678 2271 A.
1689 2218 1835 2288 Stattpcrt.

177 2663 268 2741 635.
292 2671 404 2757 Kdm'p
435 2671 540 2754 Adoll'
566 2675 677 2736 airruut
706 2672 757 2736 dte
781 2669 999 2753 Froolrfnrtcr
1022 2671 1223 2752 Stiflslcirrlrc
1252 2677 1366 2736 sancrut
1396 2674 1485 2737 ibren
1510 2673 1679 2754 Personae,
1713 2675 1836 2739 Giitcrn

293 2781 359 2844 carrd
374 2780 589 2862 Besttaempco
614 2783 647 2842 iu
670 2783 776 2842 sciero
798 2779 865 2842 crrrd
887 2780 942 2842 cles
958 2778 1090 2842 Ilcicbcs
1106 2779 1222 2842 Setaea
1245 2781 1312 2843 carrd
1336 2781 1480 2864 oea-raupa
1504 2782 1554 2844 ila·
1572 2783 1633 2846 alle
1648 2803 1708 2846 coa
1730 2786 1836 2847 serore

299 2887 480 2968 Vorsulcrco
510 2887 686 2951 caballorum
715 2885 917 2970 Prioilcpr'cu,
942 2885 975 2949 F
974 2887 1130 2964 cellatica,
1149 2886 1379 2971 Verlribrmpco
1407 2889 1474 2951 accat
1497 2888 1620 2952 Rechts.
1668 2889 1834 2971 Repperd,

294 2999 381 3059 1293
404 2991 479 3057 Mei
501 2997 554 3057 25.

284 3134 425 3203 Adolfus
448 3135 502 3201 dei
524 3133 639 3218 gracia
663 3135 884 3200 Romanorum
908 3156 976 3216 rex,
999 3155 1130 3218 semper
1153 3142 1323 3219 augustus.
1364 3135 1535 3204 Universis
1550 3137 1679 3220 imperii
1694 3139 1835 3205 Romani

175 3245 326 3311 fidelibus
348 3243 595 3325 imperpetuum.
633 3242 805 3323 Sceptrum
830 3242 1032 3308 celsitudinis
1056 3242 1145 3326 regie
1170 3243 1295 3309 tociens
1319 3242 1469 3311 elevatur
1489 3244 1525 3309 in
1548 3245 1651 3310 altum
1674 3252 1708 3310 et
1731 3245 1834 3327 ipsius

175 3357 287 3417 status
310 3349 484 3430 adomino,
511 3369 609 3430 aquo
631 3351 730 3414 datur
746 3348 850 3415 omnis
867 3356 1025 3432 potestas
1043 3347 1172 3416 felicius
1187 3351 1402 3433 gubernatur,
1420 3351 1575 3432 quociens
1589 3351 1663 3418 loca
1680 3353 1706 3426 l!
1723 3352 1833 3419 divino

175 3457 280 3524 cultui
310 3457 424 3523 dedita
452 3455 595 3540 benigna
628 3456 895 3523 consideracione
918 3463 1079 3541 reguntur
1103 3465 1137 3522 et
1161 3459 1202 3523 ad
1226 3457 1372 3540 ipsorum
1395 3457 1571 3524 libertates
1594 3461 1776 3527 servandas
1800 3466 1834 3526 et

174 3563 356 3631 facultates
380 3566 549 3647 augendas
573 3561 768 3631 favorabilis
792 3564 953 3646 protectio
978 3564 1137 3646 principis
1161 3564 1337 3632 invenitur.
1386 3567 1466 3631 Cum
1494 3564 1579 3631 enirn
1602 3566 1705 3631 omnis
1728 3566 1835 3650 gloria

175 3673 247 3740 sive
270 3671 424 3754 potencia
440 3670 645 3753 principatus
661 3670 695 3735 in
712 3671 914 3738 subditorum
932 3670 1092 3738 consistat
1110 3671 1253 3738 solidata
1268 3670 1421 3754 fortunis
1439 3672 1616 3754 expediens
1633 3673 1835 3739 arbitramur

174 3788 209 3846 ct
241 3782 433 3860 condecens
464 3784 502 3844 ut
532 3777 632 3844 simus
663 3785 697 3844 et
725 3778 760 3844 in
790 3778 924 3844 iusticia
953 3776 1069 3846 faciles
1100 3785 1134 3845 et
1156 3779 1190 3845 in
1220 3778 1335 3862 gracia
1357 3779 1521 3845 liberales,
1568 3779 1707 3846 Noverit
1730 3780 1834 3864 igitur

174 3907 311 3971 presens
335 3893 408 3953 etas
432 3893 465 3952 et
489 3884 594 3951 futuri
617 3885 774 3967 temporis
798 3905 993 3951 successura
1016 3885 1206 3968 posteritas
1231 3889 1317 3968 quod
1341 3906 1401 3952 nos
1424 3886 1636 3953 devocionem
1659 3887 1831 3969 sinceram,

174 4013 241 4076 qua
271 3993 482 4060 honorabiles
511 3991 598 4060 viri.
619 4045 624 4056 .
643 3995 796 4073 decanus
817 4045 822 4056 .
843 3991 1062 4058 scolasticus
1093 3998 1261 4074 totumque
1290 3993 1468 4075 capitulum
1498 3993 1636 4060 ecclesie
1660 3995 1833 4060 Franken-

151 4101 348 4170 'vordensis
384 4099 472 4166 circa
507 4099 611 4168 divini
645 4100 753 4166 cultus
789 4099 945 4180 obsequia
979 4097 1171 4181 frequenter
1205 4100 1356 4184 vigilant,
1392 4099 1576 4184 graciosius
1610 4104 1831 4182 attendentes,

174 4217 312 4292 propter
344 4210 429 4289 quod
463 4207 611 4290 cupimus
642 4205 788 4289 ipsorum
821 4206 993 4272 ecclesiam
1026 4213 1059 4273 et
1091 4206 1127 4272 in
1159 4207 1387 4290 spiritualibus
1421 4203 1493 4274 fore
1527 4206 1700 4274 floridum·
1730 4213 1764 4273 ct
1798 4207 1833 4273 in

173 4315 413 4397 temporalibus
443 4314 659 4396 opulentum·
681 4313 808 4382 devotis
837 4312 982 4395 ipsorum
1001 4366 1006 4378 .
1027 4366 1033 4378 .
1052 4313 1177 4397 decani,
1197 4367 1203 4378 .
1223 4367 1229 4379 .
1248 4313 1417 4380 scolastici
1440 4321 1474 4381 et
1498 4314 1636 4398 capituli
1659 4316 1832 4381 Franken-

172 4421 346 4492 vordensis
377 4420 675 4504 supplicacionibus
704 4419 857 4486 inclinati
887 4420 1069 4502 predictam
1099 4421 1271 4487 ecclesiam
1302 4441 1374 4487 cum
1405 4422 1556 4504 personis
1580 4427 1614 4488 et
1636 4421 1830 4503 bominibus,

172 4529 269 4598 bonis
299 4537 333 4595 et
362 4527 625 4611 possessionibus
661 4527 728 4594 suis
759 4527 909 4593 omnibus
939 4530 999 4593 sub
1030 4534 1147 4595 nostra
1178 4535 1211 4595 et
1238 4527 1369 4611 imperii
1399 4529 1605 4611 protectione
1635 4528 1832 4610 suscipimus

172 4637 327 4721 speciali;
352 4635 462 4702 omnia
484 4633 668 4718 privilegia,
692 4633 875 4717 libertates
900 4634 1129 4701 concessiones
1153 4642 1187 4702 et
1208 4634 1293 4717 iura,
1318 4638 1360 4701 ab
1378 4633 1632 4718 imperatoribus
1649 4642 1681 4700 ct
1698 4635 1831 4717 regibus

172 4745 405 4824 Romanorum,
437 4741 559 4808 nostris
590 4741 865 4823 antecessoribus
896 4740 1033 4807 ecclesie
1063 4748 1239 4825 prenotate
1269 4761 1435 4824 concessa,
1465 4748 1564 4824 prout
1586 4741 1650 4808 rite
1674 4760 1831 4807 concessa

172 4857 355 4918 noscuntur
384 4856 416 4914 et
446 4847 590 4931 provide,
616 4848 782 4929 sepedicta
807 4847 944 4915 ecclesie
967 4849 1282 4916 Frankenvordensi
1305 4852 1347 4915 de
1369 4848 1574 4915 liberalitate
1597 4849 1690 4932 regia
1714 4849 1831 4914 confir-

171 4965 303 5024 mantes
332 4961 365 5022 et
395 4954 593 5022 innovantes
617 4961 651 5020 et
674 4953 838 5036 presentis
862 4954 979 5038 scripti
1003 4955 1187 5036 patrocinio
1210 4957 1405 5022 munientes.
1452 4955 1542 5021 Nulli
1565 4976 1643 5040 ergo
1666 4955 1830 5021 bominum

170 5065 273 5131 liceat
306 5063 392 5129 hanc
424 5062 578 5146 paginam
611 5069 723 5128 nostre
756 5061 1016 5128 confirmacionis
1048 5069 1082 5128 et
1114 5061 1341 5130 innovacionis
1372 5061 1554 5146 infringere
1589 5069 1648 5129 aut
1682 5061 1712 5128 ei
1747 5081 1829 5128 ausu

171 5169 351 5238 temerario
374 5169 548 5236 contraire.
596 5171 689 5255 Quod
713 5167 768 5251 qui
791 5167 917 5252 fecerit,
944 5175 1091 5236 nostram
1114 5169 1377 5253 indignacionem
1401 5190 1435 5236 se
1460 5169 1590 5237 noverit
1611 5169 1827 5235 incursurum.

170 5281 296 5346 Datum
312 5276 489 5360 Bopardie,
506 5257 600 5342 vlit.
622 5277 782 5343 kalendas
805 5275 894 5360 iunii,
919 5275 1098 5342 indictione
1115 5282 1220 5358 sexta,
1246 5297 1332 5343 anno
1349 5275 1471 5344 domini
1493 5277 1534 5341 rb.
1557 5271 1599 5342 dc.
1618 5275 1828 5359 nonagesimo

169 5384 287 5458 tercio,
312 5383 407 5468 regni
428 5404 508 5452 vero
532 5383 638 5451 nostri
661 5405 746 5451 anno
771 5388 922 5452 secundo.

445 5601 580 5648 variamen
590 5605 634 5648 der
644 5605 795 5658 Stuttparter
804 5605 922 5659 Vorlcpc:
936 5607 958 5660 c)
969 5605 1137 5659 ‚Holtzuergt
1156 5606 1181 5659 d)
1191 5609 1323 5660 „swevnst
1343 5609 1366 5657 e)
1377 5604 1569 5657 „Dilcmannua“.
1596 5604 1616 5655 tt
1627 5602 1830 5657 ,lloltzlmnacn·.

387 5679 413 5730 g)
428 5675 601 5728 ‚Glsenbelm
630 5675 654 5729 b)
669 5675 868 5728 „Kaldcbccncrs
896 5677 914 5729 l)
929 5681 992 5730 „unct¹

440 5787 465 5836 ι)
480 5784 529 5828 Sol
