4400 6384
737 295 805 349 1269
824 294 881 350 Juli
902 296 919 349 9
939 327 971 335 -
992 296 1061 350 1269
1081 296 1237 363 September
1256 298 1298 350 29.
1782 303 1845 367 145

295 490 460 558 Ricardus
488 490 543 557 dei
565 491 671 576 gratia
695 492 916 557 Romanorum
940 511 1008 573 rex,
1034 512 1163 573 semper
1187 499 1356 575 augustus.
1398 493 1570 561 Universis
1601 494 1688 561 sacri
1716 495 1845 577 imperii

183 598 328 665 Romani
343 598 493 664 fidelibus
510 604 680 680 presentes
694 596 718 671 ll
729 598 860 664 litteras
875 598 1074 680 inspecturis
1091 598 1229 683 gratiam
1246 619 1338 665 suam
1355 607 1388 666 et
1404 620 1497 667 omne
1508 603 1638 667 bonum.
1669 602 1845 684 Cupientes

188 704 400 771 honorabiles
424 706 513 772 viros
539 757 571 771 ..
597 707 756 771 decanum
786 712 820 771 et
850 705 1028 786 capitulum
1044 704 1068 779 ll
1082 705 1381 772 Frenkelordensis
1405 708 1551 789 ecclesie,
1577 708 1713 774 dilectos
1737 709 1845 790 capel-

183 812 280 878 lanos
303 818 445 894 nostroe,
471 815 514 877 ad
537 811 752 878 imitationem
776 815 1044 893 predecessorum
1068 819 1255 879 nostrorum
1275 814 1509 896 imperatorum
1525 816 1746 881 Romanorum
1770 823 1804 882 et
1818 815 1842 889 ll

184 938 300 1003 regum
330 919 466 1001 speciali
496 920 649 1001 prosequi
679 919 787 1002 gratia
814 926 847 984 et
871 918 996 1002 favore,
1021 927 1057 985 ut
1083 920 1177 986 arida
1207 928 1241 985 et
1263 919 1470 987 infructuose
1492 921 1629 1005 lingua⁸
1661 922 1695 987 iu
1730 930 1843 988 nostro

185 1034 221 1092 et
250 1026 379 1108 imperii
409 1046 549 1107 nemore,
575 1024 683 1108 quodb
708 1026 830 1093 Driech
853 1027 1036 1110 vulgariter
1066 1035 1284 1109 nuncupatur,
1310 1032 1352 1094 ad
1382 1028 1525 1109 ipsorum
1557 1028 1723 1111 proprium
1750 1049 1843 1095 usum

185 1140 220 1199 et
250 1133 404 1217 ingnem⁸
438 1133 540 1199 libere
571 1133 724 1217 colligere
762 1141 794 1199 et
833 1133 982 1216 accipere
1019 1133 1155 1200 valeant
1185 1141 1219 1199 et
1249 1135 1319 1200 sine
1349 1134 1486 1201 alicuius
1517 1136 1777 1203 contradictione
1800 1140 1844 1203 ad

184 1240 337 1321 proprios
369 1241 457 1307 lares
490 1243 660 1322 deducere,
694 1261 774 1321 pure
808 1262 847 1307 ac
879 1247 1014 1323 propter
1044 1244 1138 1306 deum
1170 1241 1291 1308 eisdem
1322 1244 1445 1307 decano
1476 1249 1509 1308 et
1540 1242 1683 1323 capitulo
1713 1243 1843 1324 plenam

184 1347 386 1413 auctoritate
418 1346 619 1428 presentium
650 1347 856 1413 concedimus
885 1346 1109 1413 facultatem.
1144 1349 1290 1414 Sculteto
1323 1354 1436 1415 nostro
1466 1347 1758 1431 Frankelordensi‚
1788 1350 1845 1431 qui

183 1474 272 1519 nunc
303 1460 354 1519 est
384 1460 417 1519 et
448 1454 504 1535 qui
533 1473 591 1535 pro
622 1461 768 1537 tempore
798 1452 909 1535 luerit,
936 1454 1118 1520 districtius
1148 1454 1342 1537 inhibentes,
1368 1475 1409 1521 ne
1438 1454 1604 1537 predictos
1628 1459 1784 1522 decanum
1810 1464 1844 1522 et

183 1560 365 1642 capitulum
396 1568 512 1627 contra
542 1562 627 1627 hanc
651 1568 797 1627 nostram
822 1561 1063 1627 concessionem
1085 1560 1244 1643 impediat
1266 1563 1321 1628 vel
1342 1562 1503 1643 molestet,
1529 1582 1589 1628 nec
1613 1565 1654 1628 ab
1679 1562 1843 1643 aliquibus

182 1667 335 1748 impediri
365 1667 418 1733 vel
448 1667 615 1733 molestari
646 1668 825 1749 permittat,
852 1670 909 1733 sed
940 1669 1073 1733 studeat
1104 1668 1213 1749 potius
1244 1688 1300 1734 eos
1327 1668 1361 1734 in
1384 1669 1447 1735 hiis
1471 1669 1613 1753 gratiose
1636 1678 1670 1735 et
1692 1670 1843 1737 benivole

183 1793 387 1855 promovere.
442 1775 482 1839 In
516 1775 607 1840 cuius
639 1774 687 1840 rei
719 1774 938 1841 testimonium
970 1782 1141 1856 presentes
1170 1775 1301 1841 litteras
1332 1775 1448 1841 exinde
1478 1775 1641 1841 conscribi
1671 1784 1705 1842 et
1735 1775 1842 1860 sigillo

182 1880 369 1947 maiestatis
393 1887 505 1947 nostre
528 1881 681 1947 iussimus
705 1881 903 1947 communiri.
941 1882 1063 1947 Datum
1086 1881 1300 1964 Frankelort,
1325 1882 1456 1947 XXIII.
1479 1882 1531 1947 die
1554 1882 1641 1964 maii,
1665 1882 1843 1949 indictione

185 1988 279 2068 XII,
305 2006 391 2053 anno
416 1987 536 2054 domiui
560 1988 599 2053 rh.
622 1982 664 2053 oi.
686 1967 743 2053 lii.
767 2008 861 2069 nono,
887 1988 981 2073 regui
1005 2008 1083 2055 vero
1108 1988 1213 2055 nostri
1237 2008 1322 2054 anno
1347 1990 1444 2054 Xlll.

402 2136 447 2191 Or.
462 2138 550 2207 Ppmt.
588 2139 651 2193 Dos
676 2156 714 2191 on
738 2139 839 2207 qelberr,
864 2139 965 2207 rollers,
991 2144 1098 2208 pritesen
1123 2138 1182 2192 uad
1206 2140 1382 2193 recimerem.
1406 2141 1516 2195 recisam
1539 2140 1639 2193 Fcidea
1664 2140 1843 2210 aabdrrpendc

452 2226 541 2296 Siegel
559 2228 590 2281 ia
607 2229 710 2282 rothero
728 2228 827 2283 Wocbs
845 2228 880 2282 ist
898 2228 960 2281 sehr
978 2228 1055 2281 storlr
1074 2228 1236 2297 bescbddipt.

398 2316 436 2371 Se.
451 2318 485 2371 A.
501 2317 553 2371 Fr.
566 2318 666 2372 Boreo.
680 2317 719 2371 Sc.
735 2318 787 2371 No.
802 2323 825 2371 7.

399 2406 497 2460 Greia:
511 2406 689 2475 Wiirdtroee're,
705 2407 783 2461 Dior.
798 2409 882 2477 Meg,
896 2407 939 2475 II,
954 2410 1014 2473 421,
1036 2407 1169 2475 Gcbouer,
1188 2406 1279 2461 Lebere
1293 2408 1395 2461 Kaiser
1409 2407 1556 2473 Richards,
1569 2412 1630 2475 406,
1649 2408 1693 2472 B,
1707 2410 1760 2462 153
1772 2409 1842 2461 narb

451 2496 509 2548 dem
531 2495 576 2549 Or.
598 2538 603 2547 .

402 2584 495 2638 Vera:
513 2584 598 2638 ΒΨ.
613 2584 666 2638 Νο.
681 2586 758 2638 5460.
796 2586 850 2639 Ba·
869 2584 966 2639 Scribo
983 2586 1121 2639 eweiroal:
1146 2586 1172 2654 l,
1192 2586 1244 2640 No.
1258 2589 1314 2639 438
1329 2602 1365 2638 rc
1384 2586 1470 2639 1260!
1493 2584 1552 2638 arrd
1571 2585 1624 2639 No.
1638 2588 1690 2639 507
1708 2601 1743 2638 ru
1763 2587 1840 2638 1269.

178 2834 274 2911 293.
298 2844 409 2929 Kdrcr'p
438 2846 583 2910 Riebcrrl
615 2846 785 2924 oerordrcet,
823 2847 901 2911 dass
941 2846 1002 2910 dos
1032 2845 1370 2910 Derrtscbordeosbous
1406 2868 1448 2909 za
1484 2845 1745 2910 Socieseaboesca
1781 2844 1841 2909 den

299 2952 504 3017 Roderbroch
536 2954 617 3017 aueo
648 2953 813 3033 ferreorlrc'n
844 2955 953 3018 ebeoso
983 2959 1144 3037 tenpestdrd
1177 2954 1310 3017 beseleet
1346 2954 1436 3032 solie,
1474 2956 1532 3016 ‘wic
1567 2975 1627 3016 ec·
1644 2953 1705 3016 deo
1735 2951 1841 3017 Zeitere

299 3058 421 3123 Kaiser
443 3058 631 3124 Friedrdcb3
656 3062 720 3124 cereri
744 3060 854 3145 Kdreiq
879 3060 1060 3140 Heiore'cbs,
1085 3064 1186 3125 scices
1209 3061 1338 3125 Solones.
1385 3059 1510 3137 Macae,
1536 3065 1622 3124 1269
1646 3059 1719 3123 Jree·
1742 3064 1771 3122 9.

291 3208 454 3275 Ricardus
485 3209 537 3275 dei
560 3210 673 3293 gracia
697 3212 918 3277 Romanorum
942 3231 1010 3291 rex,
1036 3230 1164 3292 semper
1188 3217 1358 3292 augustus.
1407 3210 1578 3276 Universis
1602 3209 1690 3275 sacri
1712 3208 1840 3289 imperii

180 3315 324 3381 Romani
361 3316 511 3382 fidelibus
553 3324 723 3399 presentes
749 3318 771 3390 ll
796 3317 926 3383 litteras
966 3317 1165 3399 inspecturis
1204 3317 1348 3401 graciam
1387 3336 1477 3382 suam
1513 3324 1547 3383 et
1582 3337 1674 3383 omne
1708 3318 1837 3381 bonum.

180 3420 360 3503 Cupientes
383 3422 593 3490 honorabiles
617 3430 650 3489 et
674 3424 844 3507 religiosos
867 3424 957 3491 viros
983 3477 1015 3489 ..
1042 3423 1366 3496 commendatollrem
1390 3432 1424 3489 et
1447 3422 1571 3488 fratres
1595 3426 1708 3488 domus
1725 3429 1840 3488 sancte

179 3528 288 3593 hiarie
323 3529 595 3595 Theotonicorum
637 3528 939 3597 Frankefordenscs
989 3538 1125 3612 propter
1160 3536 1258 3613 grata
1299 3530 1444 3612 ipsorum
1486 3530 1604 3595 merite
1644 3528 1788 3594 uberiori
1813 3528 1838 3600 ll

180 3634 337 3716 prosequi
368 3636 481 3719 gracia
514 3642 547 3701 et
578 3635 710 3718 lavore,
743 3643 855 3703 tenore
889 3636 1089 3718 presentium
1123 3636 1243 3702 eisdem
1275 3635 1437 3703 iratribus
1470 3635 1658 3718 specialiter
1689 3635 1839 3701 duximus

180 3744 434 3822 concedendum,
460 3748 497 3807 ut
521 3744 661 3824 predicti
684 3742 808 3810 fratres
832 3764 872 3809 ea
894 3743 1049 3810 libertate
1074 3751 1108 3808 et
1131 3764 1169 3809 eo
1192 3743 1263 3809 iure
1287 3744 1341 3809 uel
1364 3742 1484 3824 potiori
1506 3742 1540 3807 in
1564 3743 1703 3822 quadam
1720 3742 1839 3824 palude

179 3848 249 3913 sita
278 3846 372 3914 iuxta
401 3868 515 3915 nemus
546 3856 693 3915 nostrum
725 3856 758 3916 et
786 3850 914 3931 imperii
938 3869 1039 3931 prope
1063 3848 1283 3930 Frankeiord,
1310 3851 1395 3930 quod
1418 3850 1632 3914 Roderbroch
1656 3848 1839 3932 vulgariter

178 3962 400 4037 nuncupatur,
426 3955 475 4021 uti
505 3963 538 4021 et
568 3960 712 4040 gaudere
742 3956 844 4022 libere
873 3957 1017 4036 valeant,
1043 3975 1106 4036 quo
1130 3959 1275 4037 ternpore
1299 3955 1470 4022 recolende
1494 3954 1647 4020 memorie
1670 3954 1839 4020 Frederici

178 4062 257 4127 olim
274 4062 495 4129 Romanorum
518 4063 727 4145 imperatoris
751 4070 785 4129 et
800 4064 936 4129 Henrici
951 4063 1010 4129 filii
1025 4062 1084 4145 sui,
1112 4066 1378 4143 predecessorum
1394 4070 1590 4143 nostrorum,
1615 4061 1666 4127 usi
1682 4068 1716 4127 et
1732 4060 1839 4143 gavisi

178 4166 285 4233 luisse
310 4175 498 4235 noscuntur.
532 4172 742 4254 Quapropter
752 4168 944 4236 Wllrammo
968 4169 1073 4251 militi,
1099 4170 1240 4235 sculteto
1265 4178 1387 4250 nostro,
1413 4176 1447 4236 et
1462 4168 1519 4251 illi,
1545 4169 1601 4250 qui
1616 4187 1675 4250 pro
1691 4174 1838 4248 tempore

177 4275 302 4341 ibidem
326 4277 485 4342 scultetus
508 4274 619 4358 luerit,
645 4278 794 4343 districte
819 4277 1014 4359 precipimus
1039 4284 1072 4342 et
1095 4280 1297 4356 mandamus,
1323 4277 1477 4357 quatinus
1497 4275 1663 4357 predictos
1680 4293 1839 4339 coormen-

179 4384 331 4447 datorem
355 4388 389 4447 et
411 4380 536 4449 iratres
560 4402 658 4465 super
673 4383 857 4449 huiusmodi
872 4383 1027 4449 libertate
1044 4390 1078 4449 et
1092 4382 1164 4449 iure
1179 4383 1213 4448 in
1229 4383 1303 4465 ipsa
1319 4383 1437 4464 palude
1455 4382 1643 4448 nullatenus
1658 4379 1838 4463 impedient

179 4488 235 4555 vel
258 4488 443 4570 molestent,
469 4492 526 4555 sed
549 4490 639 4570 ipsos
663 4493 828 4573 studeant,
854 4499 922 4556 tam
945 4490 979 4556 in
999 4490 1071 4573 hiis,
1098 4510 1194 4571 quam
1210 4490 1244 4555 in
1261 4490 1409 4555 omnibus
1426 4509 1535 4555 eorum
1553 4488 1688 4570 agendis
1705 4487 1839 4554 lavora-

178 4594 293 4661 hiliter
312 4615 513 4677 promovere.
553 4598 673 4663 Datum
691 4597 874 4681 Maguncic,
890 4598 999 4662 VIIII.
1019 4598 1071 4663 die
1087 4597 1166 4679 iulii,
1191 4597 1368 4662 indictione
1386 4596 1475 4677 XII,
1502 4615 1587 4661 anno
1603 4594 1724 4660 domini
1739 4594 1779 4659 rh.
1794 4588 1836 4660 o'c.

177 4682 239 4768 lii.
263 4722 357 4784 nono,
383 4703 476 4787 regni
499 4723 577 4771 vero
602 4705 708 4771 nostri
731 4724 816 4770 anno
840 4704 937 4770 XIII.

399 4854 444 4908 Or.
459 4854 546 4925 Ppmt.
583 4854 823 4925 Siepeler'nscbrrilt.
862 4855 950 4924 Wiea,
968 4854 1415 4911 Derrtecbordene-Centrolorcbic.

397 4944 496 4999 Gedr:
514 4945 558 5011 B,
578 4948 630 4999 153
648 4944 718 4998 nach
736 4946 795 4998 dem
817 4944 863 4998 Or.
881 4966 914 4989 =
934 4944 1052 5013 Hecates,
1073 4945 1098 5013 1,
1119 4949 1177 4999 186.

403 5034 491 5088 Vera:
509 5034 654 5103 Pcttenepp
673 5033 726 5088 No.
741 5037 802 5101 457,
822 5034 906 5087 B.·F.
920 5034 973 5088 No.
988 5038 1065 5089 5464.

177 5284 273 5361 294.
298 5294 405 5373 Graio,
429 5295 549 5359 Wiltcoe
578 5296 632 5358 eles
662 5294 780 5358 aorem
811 5296 958 5360 Gerlrorel
982 5318 1041 5360 'rere
1064 5297 1201 5375 Mordere,
1226 5302 1301 5361 sciri
1325 5298 1476 5361 decurrente
1498 5296 1601 5358 Rrec
1630 5295 1680 5358 cis
1703 5294 1838 5377 Biirgrerr

296 5401 355 5481 seir
384 5402 434 5466 die
459 5402 680 5485 erstionreacp
704 5404 789 5467 ihrer
816 5403 1086 5488 oreiaderjeilrre'peo
1109 5405 1211 5468 Srilrrre
1233 5404 1388 5467 Heinrich
1412 5404 1477 5467 ore
1500 5402 1653 5466 Berconi
1675 5424 1717 5465 erc
1740 5405 1837 5467 einero

302 5510 444 5574 Tausche
467 5510 552 5575 ihrer·
577 5510 677 5574 (1'c'r‘ter
693 5514 726 5574 ia
742 5509 780 5573 K
781 5511 972 5591 lopprrcbcim
989 5508 1179 5591 (Olopbee'ne)
1197 5514 1253 5574 end
1268 5510 1636 5593 Deutschordcrrsqutera
1650 5512 1686 5573 ire
1700 5509 1836 5573 Helderr-

299 5618 411 5700 berpea
436 5616 666 5701 (Hilelelrerqc).
713 5622 800 5681 1269
824 5619 998 5699 Septcrreber
1020 5623 1073 5681 26.
1123 5614 1277 5699 (infesto
1301 5616 1496 5701 Michaelis)

449 5798 473 5843 a)
487 5792 534 5835 So!
562 5792 584 5837 b.
599 5791 654 5843 „od“
669 5790 729 5835 tiber
742 5790 833 5835 Baeur.

233 5870 401 5915 Frruhiurter
418 5871 613 5915 urkundenbuch
628 5873 645 5915 1.
