4400 6384
726 340 883 396 cresconi
900 340 936 394 20
954 371 988 381 -
1007 340 1077 396 1299
1095 339 1214 395 October
1231 341 1256 394 3.
1752 341 1817 407 375

161 538 325 604 vitatibus
348 540 467 606 devote
491 537 666 621 audierint,
690 537 744 606 vel
767 537 823 619 qui
846 535 976 620 prefate
1000 537 1136 604 ecclesie
1159 535 1297 620 fabrica,
1322 536 1507 606 luminariis
1530 557 1588 604 seu
1613 536 1687 604 aliis
1707 556 1818 604 neces-

161 644 261 711 sariis
289 665 405 711 manns
429 645 638 727 porrexerint
660 644 850 727 adiutrices,
875 664 1002 712 necnon
1026 645 1082 727 qui
1105 645 1288 728 presbitero
1313 664 1432 727 corpus
1456 643 1581 710 Christi
1604 646 1647 710 ad
1669 641 1818 710 infirmos

162 751 355 834 deportanti
392 751 511 835 spirito
548 752 747 819 humilitatis
777 754 931 819 deuotam
961 752 1155 835 prebuermt
1187 751 1390 819 comitivam:
1423 771 1483 818 nos
1514 755 1554 818 de
1585 749 1818 834 omnipotentis

161 858 214 925 dei
236 858 471 942 misericordia,
496 862 668 926 beatorum
683 859 774 926 Petri
797 865 831 925 et
846 859 950 941 Pauli,
975 860 1197 942 apostolorum
1222 859 1301 940 eins,
1327 857 1527 925 auctoritate
1551 857 1674 939 confisi,
1699 857 1819 942 singuli

161 971 312 1032 nostrum
335 966 483 1051 singulas
507 966 633 1032 dierum
657 969 888 1050 quadragenas
911 969 952 1032 de
967 964 1124 1032 iniunctis
1140 965 1204 1032 sibi
1221 965 1426 1049 penitenciis,
1451 967 1622 1032 dummcdc
1640 985 1818 1032 consensus

161 1072 331 1139 diocesani
346 1076 388 1140 ad
403 1072 438 1138 id
454 1062 643 1155 accesserit,
666 1072 922 1140 misericorditer
937 1073 972 1139 in
988 1072 1117 1140 dominc
1133 1072 1329 1140 relaxamus.
1370 1073 1410 1138 In
1426 1070 1518 1138 cuius
1534 1071 1582 1138 rei
1597 1071 1819 1138 testimonium

160 1179 310 1262 presenti
333 1179 456 1261 scripto
481 1179 590 1264 sigilla
613 1186 728 1246 nostra
751 1179 902 1246 duximus
925 1182 1130 1262 apponenda.
1178 1179 1302 1245 Datum
1324 1179 1437 1260 Rome,
1462 1197 1547 1244 anno
1572 1177 1693 1244 domini
1715 1179 1756 1244 rh
1774 1173 1816 1244 c'c.

159 1284 372 1369 nonagesImo
396 1305 492 1366 ncnc,
517 1285 730 1367 pontificatus
753 1284 875 1352 domini
897 1284 1063 1352 Boniiacii
1085 1305 1170 1368 pape
1186 1285 1279 1351 VIII.
1302 1305 1388 1352 anno
1412 1283 1535 1366 quinto.

377 1428 423 1483 Or.
438 1428 528 1498 Porci.
571 1428 627 1483 Die
651 1431 686 1482 14
711 1427 911 1498 crbdcpendrc
939 1428 1033 1482 rothen
1058 1426 1146 1498 Siepel
1169 1444 1208 1482 cc
1232 1427 1401 1494 Hcrsfrtclec
1427 1427 1492 1481 sind
1515 1426 1717 1496 ordeaterctbcils
1741 1427 1819 1482 ctcrlc

429 1517 591 1588 moadiae,
609 1517 661 1572 dcc
679 1517 726 1571 der
744 1517 866 1589 Moeno
884 1515 958 1583 idib,
978 1516 1028 1583 fter
1045 1517 1174 1572 Mctbecc
1191 1517 1298 1587 depelle
1313 1517 1464 1572 Mcncldca
1481 1517 1625 1572 cocbmcis.
1662 1516 1702 1572 St.
1717 1516 1751 1569 A.
1766 1516 1818 1570 Fr.

428 1607 527 1660 Bcrtb.
540 1605 580 1661 St.
593 1607 648 1661 Nc.
662 1608 742 1661 3564.

482 1695 539 1750 Die
561 1695 691 1750 Urtccde
709 1695 747 1750 iet
769 1694 930 1750 amedera
948 1694 1048 1748 Rccde
1065 1694 1205 1761 metricat
1224 1694 1396 1764 decomeco,
1415 1695 1446 1749 irc
1464 1695 1516 1750 den
1535 1695 1627 1750 mea
1644 1693 1710 1748 aecci
1727 1710 1820 1764 prosse

375 1784 562 1855 Napelldcter,
581 1784 639 1850 cof
650 1785 701 1839 der
717 1783 847 1842 Urkcnde
863 1783 1015 1839 caldreiobe
1026 1783 1244 1853 chbstrcpfea.
1282 1784 1348 1849 Acf
1360 1785 1410 1838 der
1422 1783 1580 1839 Rr'tclcser'te:
1600 1783 1659 1851 ,Ad
1677 1781 1818 1837 ecclesiam

375 1872 465 1928 sancti
483 1871 694 1929 Bartholomei‘.

376 1961 475 2018 cece:
492 1963 537 2031 B,
555 1965 610 2017 328
626 1964 698 2019 acels
709 1961 851 2029 Abecbrift
862 1963 901 2017 r'm
916 1959 1013 2033 ,Liber
1027 1961 1187 2017 Varicrum“
1209 1979 1230 2018 a.
1248 1963 1347 2018 Bcrtlc.
1367 1961 1406 2018 St.
1427 1962 1536 2016 Brtcber
1553 1961 1629 2017 Scra'e
1647 1962 1672 2029 I,
1692 1962 1745 2016 Nc.
1764 1959 1818 2015 22l

428 2051 542 2117 fi195c.

160 2276 253 2354 749.
276 2285 472 2368 Erabtscbcf
495 2285 643 2352 Gerhord
672 2307 733 2351 cca
754 2285 871 2352 Mce'rre
894 2285 1038 2370 bestdtipt
1064 2285 1114 2352 cis
1136 2285 1440 2369 Dicecescrcbiscbcf
1459 2287 1520 2352 den
1546 2286 1665 2353 Ablcss
1687 2290 1747 2371 fiir
1769 2287 1819 2354 die

268 2392 678 2460 Bartholomaeus-Kretea
724 2391 849 2472 Kastel‚
875 2397 962 2458 1299
985 2393 1069 2459 Jcae'
1090 2399 1145 2458 20.

268 2536 336 2601 Nos
361 2535 553 2603 Gerhardus
583 2533 636 2600 dei
665 2532 780 2618 gracia
809 2539 924 2600 sancte
947 2533 1142 2619 Maguntine
1169 2534 1256 2602 sedis
1280 2533 1556 2619 archiepiscopus
1582 2535 1669 2604 sacri
1692 2537 1819 2620 imperii

161 2662 221 2725 per
251 2641 462 2710 Germaniam
487 2639 512 2715 ll
536 2639 862 2722 archicancellarius
895 2648 1066 2723 presentes
1095 2641 1332 2709 venerabilium
1363 2649 1510 2726 patrum,
1543 2649 1610 2710 tam
1641 2643 1819 2727 archiepis-

161 2768 327 2831 coporum,
352 2768 450 2830 quam
473 2747 709 2831 episcopcrum,
733 2745 999 2832 indulllgencias,
1024 2748 1111 2815 sicut
1134 2748 1190 2831 pia
1206 2749 1471 2817 consideracione
1488 2753 1530 2816 ad
1546 2751 1702 2817 bonorem
1718 2751 1770 2818 dei
1786 2757 1819 2818 et

161 2853 347 2938 proiectum
381 2861 416 2922 et
450 2854 590 2922 salutem
624 2853 729 2937 plebis
764 2861 798 2921 et
827 2854 964 2921 ecclesie
989 2854 1014 2928 ll
1039 2855 1148 2923 sancti
1177 2855 1402 2923 Bartholomei
1431 2854 1755 2924 Frankeniordensis
1785 2864 1819 2924 ct

160 2961 304 3028 fidelium
333 2959 472 3029 aliorum
502 2968 615 3028 nostre
646 2959 798 3045 dyocesis
821 2968 899 3028 sunt
921 2961 1054 3045 tradite,
1079 2962 1129 3030 ita
1153 2963 1208 3046 pia
1230 2969 1339 3030 mente
1363 2963 1558 3046 suscipimus
1582 2969 1616 3030 et
1639 2970 1755 3048 gratas
1779 2984 1819 3031 ac

160 3074 256 3135 ratas
285 3070 445 3136 habentes
469 3067 669 3136 anctoritate
699 3071 887 3153 dyocesana
912 3068 1099 3137 innomine
1124 3069 1244 3137 domini
1268 3071 1504 3152 confirmamur,
1530 3072 1590 3137 sub
1614 3070 1819 3153 presencium

161 3173 348 3243 testimonio
377 3174 565 3242 litterarum
594 3182 782 3243 nostrarum
812 3175 888 3243 huic
918 3177 1045 3243 cartule
1076 3197 1278 3244 annexarum
1309 3180 1350 3244 ad
1381 3177 1537 3244 maiorem
1560 3176 1762 3245 evidenciam
1785 3184 1819 3244 et

161 3264 392 3349 certitudinem
421 3281 518 3348 huius
550 3281 608 3348 rei.
657 3282 780 3348 Datum
802 3281 949 3365 Kastele,
981 3303 1066 3350 anno
1098 3282 1219 3350 domini
1248 3285 1289 3349 rh.
1312 3275 1354 3350 ch
1377 3283 1587 3369 nonagesimo
1615 3304 1710 3366 nono,
1738 3285 1816 3350 XII.

159 3388 323 3456 kalendas
345 3387 425 3454 iulii.

379 3530 424 3585 Or.
438 3530 527 3601 Ppmt.
563 3530 882 3602 Nchiepeler'ucedcitt,
899 3532 1095 3603 crepe-crepitet
1111 3533 1240 3602 Trocmis
1257 3549 1293 3587 ac
1310 3533 1357 3586 der
1370 3533 1481 3603 corloon
1496 3533 1632 3588 Urlrcrrdc.
1665 3533 1704 3588 st.
1717 3534 1751 3587 A.
1767 3534 1818 3588 Fr.

428 3620 528 3675 Bcrtb.
541 3620 581 3675 St.
594 3620 647 3675 Nc.
660 3623 739 3674 3665.

160 3846 256 3922 750.
280 3853 391 3939 chip
422 3853 572 3919 Albrecbt
605 3858 693 3920 ccec'si
725 3855 795 3919 ciem
824 3854 1022 3938 Errbc‘sclccf
1051 3855 1200 3922 Gerbcrd
1234 3879 1294 3922 ccc
1323 3857 1439 3922 Maiae
1469 3863 1534 3922 500
1565 3855 1680 3938 Psared
1710 3857 1819 3922 Heller

271 3963 449 4043 jeibrle'eher
470 3961 649 4044 Ecclesiaste
677 3984 737 4028 ccc
766 3962 826 4028 den
848 3961 1068 4045 Frcrrlcfcrter
1090 3963 1200 4029 chea
1229 3985 1282 4044 cc,
1313 3965 1363 4029 als
1386 3963 1652 4048 Entscbrteir'pcap
1681 3964 1741 4045 fiir
1769 3965 1819 4028 die

277 4068 416 4134 Zebaaen
444 4069 512 4134 cccci
536 4068 672 4152 Gefeille,
697 4069 808 4135 welche
836 4071 893 4136 der
921 4075 1076 4154 caecante
1098 4069 1296 4153 Erebe'scbcf
1316 4071 1366 4136 cla
1388 4069 1587 4136 Errkcneler
1609 4071 1737 4155 Iccicfte'p
1760 4092 1820 4136 ccc

277 4175 385 4241 Juderr
414 4179 450 4240 irc
471 4174 691 4242 Deertccblcrrd
719 4199 762 4241 ec
790 4178 981 4262 ecepfccperc
1003 4178 1105 4243 baben
1126 4179 1247 4243 tinae.
1298 4179 1496 4260 oppenheim,
1523 4183 1609 4242 1299
1635 4179 1764 4246 October
1786 4184 1817 4243 3.

268 4317 337 4383 Nos
359 4316 517 4384 Albcrtus
541 4318 594 4385 dei
616 4318 729 4403 gracia
747 4321 970 4387 Romanorum
993 4340 1061 4403 rex,
1087 4340 1216 4403 semper
1240 4327 1410 4404 augustus.
1458 4321 1508 4387 De
1531 4326 1660 4387 maturo
1685 4319 1818 4387 consilio

155 4424 304 4492 fidelium
321 4422 345 4497 ll
364 4431 397 4490 et
420 4445 592 4508 procerum
613 4433 802 4494 nostrorum
825 4426 1007 4495 venerabili
1021 4429 1205 4510 Gerhardc,
1230 4435 1345 4495 sancte
1368 4427 1560 4511 Maguntine
1582 4427 1669 4494 sedis
1693 4427 1820 4494 archie-

157 4531 306 4614 pIscopc,
332 4531 420 4599 sacri
437 4532 461 4605 lt
478 4531 607 4616 imperii
637 4554 697 4617 per
721 4533 932 4602 Germaniam
962 4534 1263 4619 archicancellario,
1289 4534 1430 4618 priucipi
1460 4541 1494 4601 et
1524 4533 1677 4616 conpatri
1706 4542 1818 4602 nostro

156 4637 353 4721 karissimo,
384 4639 604 4721 acceptanllti
643 4641 840 4727 quingentas
880 4641 983 4708 libras
1018 4642 1213 4709 ballensium
1243 4641 1472 4726 percipiendas
1504 4641 1598 4708 annis
1629 4640 1768 4724 singulm
1799 4661 1819 4707 a

156 4743 266 4810 iudeis
295 4743 419 4811 nostris
441 4746 809 4815 Fraukcuiordensr'bce
838 4769 898 4832 pro
929 4749 1055 4816 decima
1078 4755 1113 4816 et
1137 4749 1263 4816 iuribus
1286 4749 1390 4816 eidem
1414 4748 1661 4832 archiepiscopo
1686 4749 1818 4816 racione

157 4849 358 4918 cancellarie
382 4854 574 4921 cedentibus
595 4855 631 4921 in
653 4853 801 4923 futurum
824 4859 864 4923 de
887 4857 982 4924 bonis
999 4857 1169 4924 iudeorum
1185 4877 1243 4941 per
1260 4855 1480 4939 Germaniam,
1506 4875 1564 4923 seu
1581 4856 1817 4940 exactionibus

158 4977 243 5040 quas
267 4958 389 5026 eisdem
411 4960 446 5026 in
461 4967 562 5029 antea
577 4963 765 5031 duxerimus
780 4964 994 5048 imponendas,
1018 4964 1200 5032 liberaliter
1217 4964 1475 5048 assingnamus‚⁸
1498 4962 1600 5033 salvis
1617 4970 1694 5030 ante
1711 4964 1819 5031 omnia

156 5067 224 5149 ipsi
253 5067 501 5152 archiepiscopo
531 5071 690 5137 trecentIs
712 5071 833 5139 marcis
856 5072 1065 5140 denariorum
1089 5072 1338 5154 Coloniensc‘crn,
1364 5091 1423 5155 per
1445 5069 1552 5139 felicis
1575 5071 1818 5138 recordacionis

157 5173 283 5243 domini
304 5176 422 5258 bdelli,
455 5178 696 5260 predecessoris
726 5179 841 5261 nostri,
872 5179 1085 5246 donacionem
1115 5186 1149 5246 et
1180 5187 1326 5246 nostram
1356 5179 1638 5246 confirmacionem
1662 5199 1703 5245 ex
1726 5185 1819 5245 certa

157 5281 305 5350 sciencia
328 5285 549 5367 subsecutam,
573 5285 693 5352 debitIs
717 5286 887 5352 annuatim
910 5286 944 5353 in
959 5285 1065 5354 iudeis
1081 5284 1448 5353 Frankeniordense‘bcs
1465 5284 1680 5368 supradictis3
1704 5285 1818 5351 litteris

157 5410 290 5473 quoque
319 5391 443 5458 nostris
473 5398 507 5458 et
537 5389 661 5474 prefati
690 5396 854 5474 qnondam
883 5393 972 5477 regis
995 5393 1104 5460 Adclfi
1134 5392 1236 5460 salvis
1267 5399 1300 5459 at
1330 5392 1466 5458 intactis
1493 5392 1632 5473 omnino,
1658 5391 1818 5458 conlectis

156 5518 260 5582 super
283 5497 348 5564 hiis
363 5505 398 5564 et
413 5497 496 5582 aliis,
522 5519 584 5581 qne
597 5500 632 5566 iu
647 5499 730 5582 ipsis
745 5500 934 5583 expressius
950 5500 1170 5568 conticentur.
1202 5501 1243 5565 In
1259 5499 1376 5581 quibus
1392 5498 1540 5565 omuibus
1556 5498 1818 5581 prenominatum

156 5604 454 5688 archiepiscopum,
473 5606 654 5689 prinoipem
670 5613 704 5674 et
720 5615 912 5690 ccupatrem
928 5614 1077 5675 nostrum
1092 5607 1256 5688 dilectum,
1281 5605 1563 5673 manutenebimus
1581 5611 1614 5672 et
1630 5624 1688 5688 per
1704 5612 1818 5672 nostre

427 5801 453 5853 a)
467 5799 514 5844 Sc!
