4400 6384
727 316 796 371 mco
814 315 881 371 Juni
899 316 916 369 o
936 347 968 357 -
991 315 1061 369 mco
1081 318 1192 385 august
1211 316 1254 369 aa.
1755 318 1817 382 111

158 515 267 581 nostri
298 515 421 581 ordinis
453 522 582 581 amator
610 514 795 597 precipuus,
821 516 908 596 apud
933 512 1096 579 domiuum
1120 519 1269 580 nostrum
1289 552 1294 565 ·
1315 531 1472 578 summum
1495 511 1681 593 pontificem
1705 519 1739 578 et
1760 532 1822 579 nos

161 622 341 689 efficaciter
369 622 537 690 laboravit
567 629 601 688 et
624 620 815 702 frequenter
837 619 961 686 institit
995 626 1033 685 ut
1063 620 1203 685 omnium
1226 618 1513 703 indulgentiarum,
1539 637 1621 700 quas
1645 639 1703 701 pro
1728 638 1822 685 acce-

159 729 315 795 dentibus
339 732 381 795 ad
405 729 577 795 ecclesiam
600 735 746 795 vestram
758 735 774 768 ⁸
795 728 829 793 in
846 726 1073 795 anniversario
1091 725 1308 793 dedicationis
1324 733 1358 792 et
1373 726 1407 791 in
1423 726 1615 807 quibusdam
1633 733 1823 792 sanctorum

159 834 401 904 festivitatibus
425 839 466 903 ab
484 836 646 917 aliquibus
663 833 918 917 archiepiscopis
935 841 968 899 et
985 832 1148 916 episcopis
1164 832 1330 914 obtinetis
1356 832 1634 899 confirmationem
1650 834 1692 898 ab
1709 836 1820 899 eodem

158 962 284 1009 summo
308 943 462 1025 pontifice
477 943 681 1026 impetraret,
708 940 804 1027 setllJ
822 942 970 1007 Romane
988 940 1076 1007 curie
1092 938 1327 1007 cousuetudine
1344 945 1560 1022 repugnante,
1586 959 1648 1020 que
1664 959 1729 1005 non
1746 959 1822 1005 con-

158 1050 269 1118 suevit
291 1050 510 1134 indulgentias
533 1050 718 1117 huiusmodi
741 1050 943 1130 confirmare,
970 1051 1055 1129 quod
1077 1048 1174 1130 petiit
1190 1047 1338 1114 obtinere
1355 1046 1511 1128 nequivit,
1536 1046 1615 1112 licet
1630 1066 1703 1112 cum
1717 1047 1822 1112 multa

157 1176 293 1238 precum
316 1157 478 1224 instantia
501 1155 635 1239 petierit
658 1156 824 1222 humiliter
847 1162 881 1220 et
905 1153 1106 1236 frequenter.
1138 1155 1260 1220 Valent
1284 1161 1394 1220 tamen
1417 1152 1601 1219 huiusmodi
1623 1152 1821 1237 indulgentie

158 1269 194 1329 et
218 1263 303 1329 iuste
328 1284 368 1330 ac
390 1264 607 1330 rationabiles
630 1261 787 1344 existunt,
813 1263 899 1329 sicut
922 1262 954 1327 id
981 1282 1124 1328 summus
1148 1260 1298 1343 pontifex
1319 1261 1395 1328 vive
1419 1260 1510 1329 vocis
1533 1260 1628 1328 nobis
1651 1260 1822 1343 respoudit

158 1371 304 1451 oraculo,
330 1376 363 1436 et
386 1372 487 1437 robur
509 1370 543 1436 in
568 1389 603 1436 se
627 1370 798 1436 continent
818 1369 994 1451 firmitatis,
1021 1371 1151 1451 quaudo
1169 1372 1208 1435 de
1225 1387 1385 1434 consensu
1403 1366 1569 1435 diocesani
1585 1367 1730 1450 episcopi
1746 1387 1822 1433 con·

159 1478 333 1542 ceduntur.
385 1478 425 1542 In
458 1474 577 1543 cuiusb
607 1476 657 1543 rei
688 1476 877 1543 firmitatem
907 1483 1079 1558 presentes
1110 1476 1242 1542 litteras
1272 1474 1366 1542 vobis
1398 1474 1556 1541 mittimus
1588 1473 1687 1558 sigilli
1715 1474 1822 1541 nostri

159 1582 339 1649 munimine
376 1585 560 1651 roboratas.
622 1584 744 1650 Datum
768 1582 937 1666 Anagnie,
962 1563 1001 1648 il.
1031 1582 1097 1649 kal.
1125 1581 1219 1663 maii,
1252 1582 1464 1663 pontificatus
1493 1580 1615 1648 domiui
1640 1581 1820 1647 Alexandri

159 1709 248 1771 pape
272 1691 354 1756 llll.
378 1709 464 1756 anno
488 1696 591 1756 sexto.

378 1824 424 1878 Or.
438 1823 525 1893 Ppcut.
539 1822 588 1876 mit
607 1822 847 1891 Siepetcinsctntu.

377 1912 416 1967 St.
432 1915 466 1968 A.
481 1912 532 1966 Fr.
552 1912 836 1967 Doaniuilccner-Urlc.
851 1912 904 1966 No.
919 1917 960 1967 13.

378 2001 460 2057 θεᾶν.
478 2003 549 2056 uach
567 2002 626 2055 dem
648 2001 854 2069 0r.:B.‚123.

158 2296 254 2374 229.
268 2306 430 2381 ¹Ebcrcohc
460 2328 519 2370 coo
551 2306 795 2390 Praecepesheiut
829 2307 988 2370 centetum
1016 2328 1058 2369 ιιι
1089 2306 1234 2371 Grcocsteu
1262 2306 1317 2370 des
1346 2304 1566 2388 From-furter
1595 2306 1822 2387 Stiftslrcpitels

278 2412 343 2493 cus
363 2412 423 2476 dccc
447 2411 585 2477 Zehutco
607 2416 709 2477 seiacr
733 2412 940 2494 Nocolseldcr
962 2436 1004 2477 aa
1027 2413 1245 2478 Bockcaheim.
1293 2419 1380 2477 1200
1403 2413 1487 2478 Joct
1510 2420 1540 2479 6.

269 2554 338 2620 Nos
361 2553 581 2621 Ebberwiuus
613 2557 653 2619 de
676 2552 977 2638 Bruningishimffll.
1026 2555 1153 2620 l'enore
1177 2553 1381 2637 presencium
1406 2553 1669 2638 recognoscimus
1692 2552 1822 2636 publice

159 2662 366 2744 profitentes
393 2664 479 2742 quod
503 2680 575 2726 cum
598 2661 639 2726 lis
655 2660 678 2733 ll
693 2680 791 2744 super
815 2661 941 2727 decima
963 2661 1130 2729 novalium
1145 2662 1303 2728 bonorum
1320 2668 1505 2727 nostrorum
1522 2664 1723 2742 quorundam
1741 2666 1822 2741 aput

159 2767 385 2833 Bucheuheim
414 2768 502 2835 inter
526 2768 705 2851 capitulum
729 2766 1044 2836 Fraukenlurdense
1068 2789 1109 2834 ex
1128 2767 1151 2841 ll
1169 2775 1265 2851 parte
1289 2789 1355 2834 una
1378 2775 1412 2834 et
1435 2788 1495 2835 nos
1519 2789 1560 2835 ex
1584 2769 1690 2834 altera
1713 2774 1823 2835 verte-

159 2881 266 2955 retur,
292 2894 378 2940 nuuc
408 2875 641 2942 exhortacione
671 2878 830 2942 bonorum
854 2876 999 2942 virorum
1021 2874 1149 2941 inducti
1172 2877 1212 2941 ob
1237 2876 1461 2943 reverenciam
1485 2874 1747 2957 omnipotenlltis
1770 2874 1823 2939 dei

158 2980 348 3047 huiusmodi
369 2980 420 3046 liti
448 2979 631 3047 casalmusb
655 2982 757 3049 libere
781 2988 815 3048 et
839 2984 999 3064 absolute,
1023 2982 1258 3049 renunciantes
1282 3003 1363 3065 pure
1387 2982 1511 3049 decime
1534 2990 1728 3063 memorate;
1760 2982 1822 3046 hac

160 3087 364 3170 condiclone,
390 3094 427 3154 ut
458 3088 613 3155 memoria
643 3088 749 3171 patris
780 3089 887 3155 nostri
917 3097 950 3155 et
981 3090 1097 3156 matris
1128 3097 1162 3156 et
1192 3097 1307 3156 nostra
1338 3110 1377 3155 ac
1407 3089 1519 3156 uxoris
1550 3095 1662 3155 nostre
1692 3087 1823 3169 inipso

161 3194 305 3262 ecclesia
335 3201 495 3277 perpetuo
520 3201 650 3278 agatur,
675 3195 781 3278 ipsam
805 3196 908 3263 eciam
931 3196 1088 3263 decimam
1113 3196 1355 3279 percipiendam
1380 3196 1589 3279 presentibus
1613 3199 1820 3279 deputantes.

159 3302 204 3367 Iu
235 3301 328 3367 cuius
358 3299 441 3367 facti
472 3302 675 3369 evidenciam
706 3322 842 3385 presens
871 3303 1058 3370 memoriale
1083 3301 1292 3386 confecimus,
1317 3306 1435 3370 dautes
1457 3302 1491 3368 id
1515 3303 1660 3386 capitulo
1685 3300 1822 3367 ecclesie

161 3406 492 3474 Frankeniurdensis
508 3408 542 3474 in
555 3408 778 3475 testimonium
794 3430 893 3493 super
909 3430 956 3477 eo.
968 3412 1087 3477 Actum
1105 3430 1191 3477 anno
1208 3409 1329 3476 domiui
1341 3412 1381 3475 rh.
1395 3405 1437 3477 o'c.
1452 3390 1520 3493 lit,
1534 3410 1627 3475 VIII.
1641 3408 1715 3475 idus
1730 3407 1820 3473 iunii.

381 3542 426 3595 Or.
441 3541 529 3612 Pgmt.
549 3540 598 3595 mit
617 3542 821 3613 obbonpendem
841 3544 1027 3613 bescbddc'ptcu
1046 3542 1140 3613 Stoyci.

381 3630 423 3685 St.
437 3632 472 3683 A.
488 3630 539 3685 Fr.
559 3631 659 3685 Barth.
675 3630 713 3685 St.
728 3632 781 3685 No.
795 3636 873 3686 2541.

381 3719 477 3774 Gala:
490 3720 533 3787 Β.,
554 3724 614 3787 123,
633 3720 750 3786 Reimer,
770 3721 796 3789 I,
814 3725 875 3789 203,
895 3722 1041 3775 occludam
1063 3722 1109 3776 Or.
1130 3764 1135 3775 .

159 4014 257 4090 230.
279 4023 409 4104 Eppert,
436 4023 539 4089 Notor
554 4024 737 4090 Reiulrords
763 4047 820 4089 ooo
836 4026 968 4105 Ηαιιιιιι,
993 4028 1166 4108 ocvapm'cht
1191 4031 1254 4091 ader
1268 4031 1446 4111 personatam
1462 4026 1623 4091 Personam
1637 4026 1825 4090 collambere

280 4153 321 4195 ιιι
347 4132 464 4210 toollcu,
491 4154 579 4195 coeam
602 4154 635 4196 cr
658 4134 722 4215 aas
742 4138 821 4198 cralo
844 4134 952 4199 Rauen
974 4135 1028 4199 dos
1044 4134 1255 4216 Erebischofs
1274 4134 1402 4199 Wcracr
1425 4155 1485 4198 con
1500 4133 1616 4198 Μαὶιιι
1637 4156 1679 4197 arc
1694 4132 1823 4197 Front-

281 4238 352 4319 fcut
375 4238 424 4301 cla
447 4236 639 4303 Kanobikos
663 4240 905 4324 oufpcuommea
930 4242 1037 4305 morde.
1085 4241 1120 4303 F
1119 4242 1279 4323 rochford,
1306 4246 1392 4306 1200
1416 4240 1546 4325 August
1568 4245 1622 4305 29.

273 4378 346 4462 Ego
369 4378 553 4461 Eppertus,
585 4379 734 4445 notarius
764 4380 883 4446 nobilis
912 4380 976 4448 viri
1006 4382 1128 4448 domini
1157 4382 1341 4448 Reinhardi
1370 4386 1410 4448 de
1438 4383 1640 4467 Hagenowe.
1695 4383 1823 4449 'lenone

162 4484 371 4569 presencium
401 4486 580 4567 profiteor⁰
608 4494 641 4551 et
671 4484 866 4569 protestor,‘l
895 4492 981 4570 quod
1010 4489 1106 4555 fidem
1137 4489 1212 4555 dedi
1242 4497 1275 4556 et
1301 4489 1484 4556 iuramento
1513 4489 1712 4572 confirmavi,
1738 4492 1823 4572 quod

163 4614 239 4660 cum
270 4594 312 4658 ad
342 4612 457 4674 preces
488 4591 662 4675 primarias
692 4595 891 4661 venerabilis
923 4594 1043 4661 domini
1059 4596 1233 4662 Wernheri
1263 4596 1503 4678 archiepiscopi
1525 4596 1713 4679 Magunttat
1741 4604 1822 4679 aput

162 4697 394 4767 Fraukenlort
423 4701 589 4783 reciperer
618 4700 652 4766 in
683 4700 874 4767 canonicum
902 4709 935 4767 et
958 4701 992 4767 iu
1016 4700 1166 4785 fratrem,
1190 4704 1297 4786 ipsum
1321 4702 1500 4786 capitulum
1523 4722 1583 4769 nec
1607 4723 1766 4785 personas
1789 4704 1822 4769 iu

163 4807 306 4874 ecclesia
330 4808 510 4875 existentes
534 4828 632 4891 super
656 4808 842 4890 provisione
866 4829 939 4876 mea
962 4829 1127 4891 nunquam
1142 4810 1298 4893 impetam
1314 4830 1418 4891 neque
1434 4830 1579 4893 gravem,
1604 4810 1667 4876 nisi
1683 4818 1823 4891 quatuor

162 4914 325 4999 personis,
356 4914 509 4983 videlicet
540 4916 712 4982 Herbordo
743 4919 783 4982 de
813 4917 1019 4998 Ovenbach,⁰
1042 4917 1201 5001 magistro
1231 4919 1330 4984 Petro
1362 4921 1401 4983 de
1425 4919 1631 5001 Babenberg,
1663 4918 1822 5001 magistro

162 5024 355 5090 Hermanno
383 5022 482 5090 Shike
506 5029 540 5089 et
555 5019 768 5105 Wernhero,‘
793 5022 858 5089 filio
882 5022 1003 5090 domiui
1027 5024 1065 5089 de
1082 5025 1309 5107 Valkeustein,
1335 5024 1439 5107 primo
1462 5024 1594 5106 inipso
1617 5025 1756 5091 ecclesia
1779 5024 1823 5090 sit

163 5130 343 5213 provisum.
390 5132 436 5196 Et
466 5138 503 5197 ut
532 5133 594 5197 hoc
625 5130 768 5213 capitulo
792 5138 826 5196 et
849 5130 998 5212 personis
1022 5132 1223 5211 supradictis
1247 5139 1325 5198 ante
1348 5152 1399 5198 me
1422 5131 1565 5214 receptis
1588 5131 1823 5198 inviolabiliter

162 5240 346 5319 observem,
373 5245 543 5319 presentes
566 5238 706 5319 litteras,
732 5237 895 5321 sigillatas
918 5237 1034 5321 sigillis
1049 5238 1193 5305 iudicum
1209 5240 1485 5323 hlaguntinorum,
1512 5238 1628 5305 nobilis
1643 5238 1708 5305 viri
1722 5238 1823 5304 Rein-

161 5344 263 5413 hardi
286 5346 406 5412 domiui
436 5349 476 5412 de
499 5346 700 5430 Hagenowe,
726 5352 759 5410 et
790 5344 931 5426 proprio,
957 5344 990 5411 in
1015 5345 1237 5413 testimonium
1261 5350 1301 5412 do
1326 5346 1456 5412 eisdem.
1504 5347 1627 5412 Datum
1650 5346 1821 5411 Frankeu-

162 5452 245 5535 fort,
275 5472 361 5519 anno
393 5452 513 5520 domini
536 5454 577 5519 rh.
600 5447 642 5518 o'c.
664 5452 734 5533 lx,
758 5451 793 5517 in
817 5451 1036 5519 decollacione
1060 5453 1224 5519 Iohannis
1248 5453 1403 5535 baptiste.

442 5647 467 5699 a)
488 5636 552 5689 liter
568 5645 612 5689 der
628 5644 702 5688 Zoilo.
732 5646 756 5697 b)
776 5636 840 5688 itaer
856 5645 947 5688 Rocur.
981 5650 1002 5695 c)
1019 5644 1247 5699 1!a.:„prolltoou“.
1274 5644 1299 5697 d)
1315 5646 1360 5688 Hs.
1372 5650 1531 5699 „protument
1553 5649 1575 5698 o)
1591 5646 1644 5689 Der
1661 5645 1763 5689 Scotusa
1779 5644 1823 5688 der

384 5716 501 5760 Urhuadc
514 5717 548 5761 iot
565 5728 610 5760 von
633 5716 701 5761 eluar
714 5716 793 5760 Haud
806 5730 851 5761 oon
866 5730 884 5760 c.
899 5718 959 5761 1320
979 5719 1055 5761 teuton
1069 5718 1119 5773 auf
1129 5717 1183 5760 dem
1196 5716 1407 5771 Pergamentblatt
1418 5718 1606 5771 nacupetrapen.
1635 5717 1655 5771 l)
1670 5715 1703 5759 Ιιι
1717 5716 1761 5759 der
1773 5715 1820 5759 Ha.

380 5788 443 5832 mett
456 5790 495 5842 ,ot
503 5786 650 5833 Womhoro¹¹
664 5789 781 5833 mamas.
