4400 6384
880 295 947 349 reru
968 293 1085 350 october
1105 296 1147 349 13.
1773 297 1836 363 189

182 494 306 561 sarium
328 494 361 560 in
386 501 491 560 morte
515 491 703 577 superstitis
727 496 832 560 denuo
858 493 1041 559 celebretur
1065 499 1099 559 et
1123 491 1256 575 prefate
1272 492 1411 574 pecunia
1426 492 1460 557 in
1478 499 1670 573 perpetuum
1687 495 1726 559 dc
1743 492 1837 559 benis

182 600 306 668 nostris
336 600 473 667 ecclesie
503 600 567 667 iam
598 600 727 666 cellatis
758 599 934 667 conventui
963 599 1177 665 ministretur.
1229 600 1346 665 Testes
1375 599 1471 665 huius
1494 598 1543 665 rei
1566 607 1656 665 sunt:
1689 599 1837 666 deminus

183 709 264 774 Otto
295 709 399 774 abbas
430 710 469 773 de
494 707 711 791 schonaugia,
744 704 850 773 irater
873 705 1043 772 (teuredus
1074 713 1109 771 et
1138 704 1245 771 irater
1273 708 1483 787 Gumbertus,
1515 706 1666 773 conversi
1700 706 1835 786 ibidem,

183 815 357 881 Cristanus
388 820 505 880 canter
535 813 883 895 FrankenverdensiS,
918 811 1059 878 Silridus
1090 815 1251 894 quondam
1283 812 1485 879 camerarius
1514 812 1643 893 ibidem,
1676 810 1838 879 Ludolius

180 921 325 989 vicarius
355 920 491 987 ecclesie
522 920 587 986 iam
618 920 714 1001 dicte,
740 920 941 986 Wernherus
971 922 1011 985 de
1034 920 1235 1000 Wauebach,
1267 920 1437 986 iohannes
1468 920 1575 985 dictus
1606 922 1646 985 de
1670 920 1835 1001 Wetdere,

181 1027 363 1111 Wigandus
394 1030 434 1093 de
450 1027 652 1110 Wanebach,
678 1025 848 1093 Chnradus
877 1030 916 1093 de
939 1027 1117 1109 Herbeyrn,
1142 1026 1351 1092 Hermannus
1382 1026 1490 1092 dictus
1514 1025 1699 1107 Ulstozere,
1724 1026 1839 1092 etalii

181 1155 278 1216 quem
309 1135 429 1217 plures.
477 1134 523 1199 Et
553 1134 630 1215 quia
660 1133 767 1219 sigillo
798 1133 930 1215 proprio
960 1153 1118 1215 caremus
1144 1140 1330 1215 presentem
1354 1133 1500 1199 litteram
1525 1132 1632 1216 sigillo
1656 1133 1838 1200 concivium

181 1249 367 1308 nestrorum
384 1240 751 1306 Frankeuvordensium
775 1240 950 1322 petivimus
973 1239 1133 1306 reborari.
1174 1241 1294 1306 Actum
1318 1247 1352 1305 et
1371 1242 1483 1305 datum
1500 1259 1586 1306 anno
1603 1239 1723 1305 domini
1738 1240 1778 1305 rh.
1793 1234 1835 1305 eh.

180 1328 285 1413 ixit.
308 1347 456 1429 septime,
481 1326 543 1412 Ill.
566 1346 639 1413 idus
664 1345 817 1413 octobris,
857 1395 863 1407 .

397 1489 443 1544 Or.
458 1490 545 1560 Ppmt.
566 1508 604 1544 an
627 1490 823 1559 grite-wasser
843 1488 942 1542 Fdden
966 1490 1052 1559 bdnpt
1076 1489 1128 1541 dns
1153 1488 1321 1558 beschddipte
1348 1488 1510 1556 Stadtar'epel
1536 1490 1577 1554 (2)
1605 1506 1650 1542 en.
1690 1488 1837 1555 Mencken,

449 1577 649 1633 Reielrearehie.

179 1782 272 1859 390.
297 1792 395 1857 Kane
419 1814 478 1857 *eron
489 1793 653 1858 Wouscadt
676 1794 742 1857 und
758 1792 852 1857 Frae
869 1794 1078 1871 beurlcundco,
1103 1794 1181 1858 dass
1202 1797 1247 1857 sic
1262 1794 1330 1857 dene
1348 1792 1480 1858 Kloster
1496 1793 1669 1877 Arnsburp
1687 1792 1788 1857 Getes
1803 1796 1837 1857 in

297 1898 474 1965 Heerhca'nr
487 1900 777 1965 eemlMesseehcinr
789 1900 1115 1965 condecernente
1125 1900 1307 1981 Frentsurt
1320 1907 1410 1964 order·
1420 1906 1597 1985 peno-meten
1605 1900 1839 1984 Bedinpeayen

297 2007 484 2091 iibertrapcn
507 2007 616 2071 habea.
665 2012 755 2071 1277
778 2008 907 2075 October
931 2013 982 2071 13.

290 2147 460 2213 Universis
473 2147 596 2213 Christi
611 2148 760 2215 fidelibus
773 2150 862 2216 Ceno
879 2149 987 2216 dictus
999 2149 1242 2215 deWullenstat
1255 2148 1336 2217 civis
1348 2148 1382 2215 in
1395 2150 1629 2216 Frankenvort
1641 2155 1675 2215 et
1686 2148 1837 2214 Elisabet

180 2273 264 2321 uxor
287 2254 366 2337 eius,
391 2262 576 2336 presentem
590 2253 615 2329 ll
629 2254 773 2322 litteram
797 2256 1005 2339 inspecturis.
1046 2256 1174 2322 Tenere
1198 2256 1400 2338 presentium
1422 2254 1686 2339 recognoscimus
1706 2262 1739 2321 et
1755 2274 1838 2321 voce

182 2359 314 2443 publica
330 2368 562 2443 protestamur,
580 2365 665 2444 qued
681 2382 742 2429 nes
758 2362 940 2430 coniunctis
953 2362 1113 2443 manibus,
1127 2361 1152 2436 ΙΙ
1162 2362 1309 2428 unanimi
1321 2381 1492 2444 censensu,
1506 2360 1580 2444 pari
1592 2361 1738 2439 consilio,
1750 2364 1839 2427 bona

181 2474 299 2534 nostra
322 2468 388 2534 sita
410 2467 444 2533 iu
464 2467 552 2551 villa,
579 2488 641 2549 que
658 2468 778 2536 dicitur
793 2468 960 2551 Horheim,
986 2476 1019 2535 et
1037 2469 1127 2549 villa,
1152 2489 1214 2551 que
1231 2468 1351 2535 dieitur
1366 2466 1596 2548 Messenheim,
1613 2467 1638 2541 ll
1651 2488 1724 2533 cum
1739 2468 1836 2549 areis,

181 2574 283 2658 egris,
309 2574 425 2656 pratis,
452 2575 593 2658 pascuis
619 2576 723 2657 aquis,
749 2576 841 2644 silvis
865 2584 899 2642 et
921 2576 1084 2645 universis
1108 2576 1321 2659 pertinenciis
1344 2575 1422 2658 suis,
1446 2594 1573 2642 necnon
1590 2582 1664 2641 ecto
1680 2574 1839 2660 silidos(!)

181 2681 301 2748 levium
317 2681 525 2748 denariorum
542 2681 576 2748 in
593 2681 754 2764 censibus,
768 2702 850 2765 quos
867 2682 1037 2749 annuatim
1048 2683 1072 2750 J
1073 2684 1220 2749 ohannes
1237 2682 1345 2749 dictus
1357 2682 1601 2749 Resenlachere
1614 2683 1693 2748 dare
1706 2688 1838 2748 tenetur

184 2791 225 2853 de
250 2808 339 2869 area,
364 2806 426 2870 que
451 2790 613 2869 quondam
638 2796 711 2855 erat
734 2790 902 2856 cuiusdam
926 2790 1008 2857 civis
1023 2789 1364 2872 Frankenvordensis,
1389 2788 1445 2871 qui
1463 2788 1694 2871 appellabatur
1708 2789 1839 2855 Huner-

180 2914 344 2979 mergere,
370 2915 432 2975 que
463 2894 529 2961 sita
559 2901 610 2962 est
639 2894 673 2961 in
703 2896 825 2979 platea,
851 2916 912 2978 que
943 2895 1063 2963 dicitur
1089 2897 1287 2981 Snargazze,
1313 2896 1507 2963 contulimus
1538 2894 1781 2962 venerabilibus
1804 2902 1838 2961 et

181 3001 216 3066 in
233 3001 363 3068 Christo
387 3001 540 3068 dilectis.
561 3054 566 3066 .
586 3002 701 3068 abbati
724 3010 757 3069 et
781 3003 958 3071 conventui
980 3004 1014 3069 in
1030 3006 1207 3087 Arnspurg
1230 3003 1353 3070 ordinis
1370 3002 1597 3069 cisterciensis
1612 3002 1647 3068 in
1662 3002 1838 3069 remedium

182 3108 365 3175 animarum
389 3115 577 3175 nostrarum
601 3108 815 3191 proprietatis
840 3108 935 3176 titulo
960 3118 1120 3193 perpetuo
1145 3110 1351 3192 possidenda,
1377 3109 1437 3176 teli
1460 3115 1570 3176 tamen
1594 3109 1747 3191 apposita
1763 3129 1839 3175 con-

182 3214 320 3297 dicione,
345 3222 383 3280 ut
413 3215 506 3281 nobis
538 3215 678 3297 predicti
708 3214 832 3283 iratres
863 3220 905 3282 ad
936 3217 1005 3283 dies
1036 3217 1105 3284 vite
1135 3224 1247 3284 nostre
1271 3220 1311 3283 de
1336 3216 1458 3283 eisdem
1480 3216 1574 3282 bonis
1598 3215 1717 3299 viginti
1739 3235 1838 3282 unum

181 3320 305 3387 ectalia
329 3320 467 3405 siliginis
492 3330 525 3387 et
549 3322 615 3389 tria
639 3323 761 3389 ectalia
784 3323 896 3405 tritici,
922 3322 1090 3411 q[uatue]r
1110 3343 1244 3390 anseres
1261 3330 1294 3389 et
1310 3330 1452 3406 quatuor
1467 3321 1573 3405 pullos
1590 3322 1727 3406 singulis
1743 3323 1838 3389 annis

182 3427 272 3493 eirca
295 3426 415 3495 festum
438 3428 530 3495 beati
544 3429 715 3496 Michaelis
731 3429 765 3495 in
781 3430 877 3513 opido
894 3430 1380 3503 Frankenvordensistudeant
1397 3436 1599 3512 presentare.
1639 3429 1711 3495 Hoc
1727 3436 1838 3496 tamen

182 3535 322 3617 adiecto,
348 3539 432 3617 quod
464 3536 492 3601 si
523 3528 692 3618 sterilitas,
717 3540 854 3619 grando,
879 3537 965 3621 ignis
994 3537 1047 3606 vel
1077 3537 1245 3604 hostilitas
1269 3536 1507 3619 supervenerit,
1533 3543 1611 3602 tunc
1633 3535 1729 3602 iuxta
1751 3536 1839 3619 piam

182 3642 450 3709 consuetudinem
485 3642 607 3709 eisdem
641 3640 802 3709 iratribus
836 3644 869 3709 in
903 3644 1053 3725 predicta
1085 3644 1241 3725 pensione
1273 3646 1534 3710 condescendere
1566 3642 1772 3724 premisimus
1805 3650 1838 3709 et

182 3756 341 3815 tenemur.
389 3749 557 3815 Adicimus
587 3749 686 3815 etiam
717 3749 900 3817 condicioni
930 3750 1086 3833 predicte,
1120 3754 1206 3832 qued
1236 3750 1264 3816 si
1294 3749 1422 3816 domino
1454 3748 1680 3835 cenc[ed]ente
1703 3769 1839 3832 puerum

180 3855 236 3922 vel
265 3874 385 3938 pueros
418 3855 544 3940 pariter
574 3856 791 3940 genuerimus,
824 3860 866 3923 ad
896 3856 1003 3939 ipsum
1033 3858 1086 3924 vel
1114 3857 1203 3938 ipsos
1227 3859 1341 3923 eadem
1364 3858 1452 3923 bona
1475 3863 1551 3938 post
1574 3856 1747 3921 terminum
1769 3856 1839 3923 vite

181 3970 297 4029 nostre
320 3964 545 4046 devolventur,
571 3963 718 4047 exceptis
742 3983 800 4029 sex
825 3964 986 4030 octalibus
1010 3964 1096 4051 dicte
1121 3962 1296 4045 pensionis
1322 3982 1384 4045 que
1400 3966 1487 4044 apud
1504 3965 1641 4029 eandem
1656 3962 1837 4044 ecclesiam,

182 4069 338 4135 videlieet
361 4072 546 4155 Arnspurg,
571 4070 604 4135 in
635 4070 812 4136 remedium
842 4071 948 4138 anime
977 4078 1090 4137 nostre
1122 4076 1280 4153 perpetuo
1311 4071 1535 4137 remanebunt.
1588 4068 1623 4135 Si
1652 4088 1730 4135 vero
1753 4069 1839 4134 idem

182 4195 266 4258 puer
294 4176 348 4243 vel
378 4178 471 4259 pueri
502 4184 576 4259 pest
606 4184 742 4243 mertem
773 4184 920 4244 nostram
944 4177 1062 4244 obierit
1085 4176 1139 4245 vel
1162 4177 1303 4243 obierint
1326 4176 1396 4243 sine
1420 4177 1520 4259 prole,
1545 4176 1619 4259 ipsa
1641 4178 1728 4242 bona
1751 4178 1839 4257 apud

181 4282 305 4349 dictam
329 4282 499 4350 ecclesiam
523 4284 592 4351 sine
617 4283 832 4350 dubitationis
856 4285 1008 4366 scrupulo
1033 4286 1280 4366 permanebunt.
1320 4282 1464 4348 Additur
1487 4282 1625 4365 denique
1648 4284 1708 4347 sub
1725 4284 1839 4347 eadem

182 4387 300 4470 forma,
325 4392 411 4471 qued
435 4390 464 4456 si
487 4397 562 4473 pest
586 4390 709 4457 obitum
732 4389 828 4456 unius
852 4399 1000 4457 nestrum
1020 4397 1189 4473 superstes
1205 4409 1339 4456 uxorem
1354 4388 1409 4458 vel
1423 4388 1576 4457 maritum
1592 4392 1711 4455 ducere
1727 4390 1839 4454 decre-

182 4495 270 4563 verit
293 4502 328 4562 et
357 4515 476 4578 pueros
507 4496 667 4581 genuerit,
693 4496 796 4563 eidem
827 4496 999 4578 superstiti
1028 4497 1210 4579 predictam
1239 4497 1427 4579 pensionem
1451 4500 1493 4563 ad
1517 4503 1665 4578 tempera
1688 4495 1756 4561 vite
1781 4514 1838 4561 sue

181 4606 407 4670 tantummodo
431 4603 620 4685 persolvent
643 4601 767 4670 iratres
790 4603 970 4686 memorati,
995 4622 1055 4669 nee
1079 4606 1121 4669 ad
1143 4605 1274 4669 eosdem
1296 4622 1416 4686 pueros
1435 4604 1522 4669 bona
1538 4601 1713 4684 prehabita
1728 4601 1838 4668 devol-

182 4714 313 4775 ventur.
361 4709 591 4793 Subiungimus
615 4710 723 4792 etiam,
749 4711 834 4792 qued
858 4709 886 4775 si
908 4709 1090 4776 necessitas
1115 4709 1271 4792 exegerit,
1297 4709 1489 4790 prehabitas
1512 4707 1736 4790 possessiones
1759 4727 1838 4773 ven-

181 4818 306 4897 demuS,
330 4816 385 4882 vel
407 4817 546 4883 ecclesia
569 4816 602 4882 in
619 4819 795 4900 Arnspurg
818 4816 911 4883 nobis
930 4819 1107 4882 seeundum
1123 4815 1354 4882 necessitatem
1374 4821 1521 4882 nostram
1537 4814 1683 4881 studebit
1698 4813 1839 4880 fideliter

181 4922 367 4989 subvenire.
429 4922 631 5005 Spendemus
663 4922 801 5006 denique
835 4932 869 4989 et
899 4923 1035 5006 insuper
1068 4925 1246 4989 observare
1277 4922 1443 5004 volumus,
1477 4928 1515 4987 ut
1545 4922 1580 4987 in
1612 4920 1838 4987 anniversario

181 5027 332 5096 defuncti
362 5028 417 5111 qui
447 5028 668 5112 supervixerit
698 5030 874 5097 conventui
904 5030 937 5095 in
961 5033 1138 5113 Arnspurg
1166 5029 1200 5094 in
1231 5029 1365 5096 dimidia
1388 5049 1500 5095 marca
1524 5028 1662 5111 singulis
1686 5026 1781 5093 annis
1804 5026 1839 5091 in

180 5134 359 5202 refectorio
390 5135 556 5204 deservire
587 5138 729 5217 studeat,
755 5136 1015 5203 contradictione
1046 5136 1193 5218 qualibet
1221 5155 1287 5202 non
1317 5138 1481 5202 obstante.
1529 5136 1585 5202 Ita
1608 5142 1728 5214 tamen,
1753 5136 1838 5213 qued

178 5243 268 5309 idem
298 5241 559 5309 anniversarium
588 5242 623 5308 in
653 5250 756 5309 morte
788 5241 977 5326 superstitis
1008 5244 1192 5309 celebretur
1216 5251 1250 5308 et
1273 5241 1407 5325 prelata
1430 5241 1563 5307 dimidia
1585 5260 1699 5307 marca
1720 5240 1839 5321 imper·

180 5356 317 5433 petuum
347 5352 387 5415 de
416 5348 511 5415 bonis
541 5349 665 5415 nostris
695 5349 832 5415 ecclesie
854 5349 920 5415 iam
944 5348 1073 5416 collatis
1097 5348 1274 5416 conventui
1296 5349 1511 5415 ministretur.
1558 5346 1712 5414 Promisit
1735 5346 1838 5412 eciam

178 5457 267 5523 idem
293 5508 299 5521 .
327 5508 333 5521 .
359 5457 463 5522 abbas
493 5464 527 5522 et
558 5463 738 5522 cenventus
767 5456 860 5522 nobis
885 5459 967 5522 duas
991 5475 1082 5522 amas
1106 5456 1175 5524 vini
1198 5454 1380 5522 lrancorrici
1404 5458 1444 5522 de
1467 5453 1673 5521 Enucnkeim
1695 5453 1838 5519 melioris

178 5566 226 5631 ad
256 5563 327 5628 dies
357 5562 425 5630 vite
456 5570 567 5629 nostre
597 5562 632 5628 in
655 5562 750 5645 opido
774 5563 1081 5629 Franke'nverdensi
1105 5562 1243 5647 singulis
1267 5562 1362 5629 annis
1386 5569 1532 5644 tempore
1555 5560 1741 5628 vindemie·
1766 5580 1839 5641 pre-

451 5758 475 5807 s)
490 5760 551 5805 ,sm‘
567 5755 626 5799 siber
641 5754 685 5797 der
699 5754 772 5798 Zette.
