4400 6384
393 319 457 385 150
904 318 972 371 1272
992 318 1068 371 littra
1091 319 1122 370 15
1142 348 1175 356 -
1195 318 1273 383 1272,
1293 332 1342 371 vor
1361 317 1473 387 August
1491 318 1533 371 24.

390 506 482 582 302.
509 517 655 596 Gerlach,
680 516 767 581 Heri·
789 539 830 580 arc
854 516 1020 601 Liruhrcrp,
1046 518 1191 601 testettpt
1213 518 1281 581 dccc
1299 515 1537 580 llrrclsclcordmc
1559 516 1620 579 deu
1636 514 1746 580 Besiir
1769 516 1825 579 der
1847 516 1965 579 diesem
1992 538 2049 579 ron

505 626 610 689 scinco
630 624 812 705 Vorfahrcu
834 646 876 688 ru
891 624 1019 689 Mhrlerc
1033 624 1236 708 paschalem
1254 624 1363 687 (iliter.
1410 622 1535 702 hlaine,
1561 628 1651 686 1272
1664 622 1764 687 Meirr
1780 628 1821 686 15
1838 620 1895 705 (id.
1913 625 2029 698 mart)

607 756 707 810 deda:
725 758 815 821 Buur,
836 757 914 811 Hera.
933 756 1006 823 Ure,
1027 756 1052 824 I,
1072 760 1107 808 98
1124 757 1243 825 peltant

608 845 701 899 Vera:
718 845 823 911 Scriba,
844 846 886 911 Il,
908 846 959 899 No.
974 850 1033 898 610.

389 1024 481 1101 303.
505 1032 770 1099 Dccdschmcisicr
800 1034 930 1098 Bradcr·
955 1034 1049 1097 Archo
1079 1054 1140 1096 ron
1169 1033 1431 1116 Scrrrpcrshousmr
1462 1028 1582 1113 (frater
1604 1034 1701 1097 Anno
1733 1034 1773 1096 de
1801 1030 2050 1114 Sangerhusen)

505 1142 695 1205 henricis-adei
718 1142 782 1223 arcs
794 1142 862 1205 decu
883 1141 1120 1222 (irrlcaslupilel
1141 1162 1181 1203 ru
1200 1138 1383 1220 Frunlrsuri
1405 1136 1513 1221 (nobis
1529 1137 1747 1203 existentibus
1761 1137 1794 1203 in
1811 1138 2047 1203 Frankenvort

505 1246 539 1311 in
562 1246 721 1331 capitulo)
752 1249 802 1313 dic
826 1248 1012 1331 Srhrulcuug
1042 1250 1126 1311 ciues
1149 1246 1278 1310 Hurrses
1310 1249 1343 1309 ia
1366 1246 1626 1309 Andromachen
1649 1244 1789 1326 Bischcf
1809 1244 1965 1309 Edoumd
1991 1267 2050 1307 rori

508 1352 605 1419 Ohur.
652 1354 847 1436 Fraalcfuri,
874 1360 963 1419 1272
985 1354 1081 1435 April
1105 1358 1126 1416 5
1150 1351 1239 1436 (non.
1265 1351 1375 1436 april.)

606 1486 651 1541 Or.
665 1486 704 1542 St.
718 1488 752 1541 A.
769 1488 819 1541 Fr.
835 1487 1050 1542 Dactecldterrcn
1070 1486 1124 1540 No.
1139 1490 1199 1539 110.

611 1576 705 1631 Vera:
724 1575 820 1645 Gom,
840 1576 1018 1629 Mittelrhcia.
1033 1576 1109 1643 1109,
1130 1574 1191 1637 ΙΙΙ,
1211 1575 1264 1627 Νο.
1279 1576 1358 1628 2703.

390 1755 482 1831 304.
505 1762 574 1828 Der
605 1762 722 1847 Propst
751 1766 830 1829 oller
859 1762 991 1828 Kih'stcr
1018 1764 1074 1828 der
1109 1764 1243 1847 heiligen
1274 1763 1385 1827 lilerio
1417 1762 1616 1846 Mopdoleuo
1647 1762 1846 1836 heurhuudel,
1877 1763 1958 1825 dass
1988 1762 2048 1825 dus

507 1870 841 1951 Weissfraueahlostcr
872 1894 913 1934 ru
946 1870 1131 1951 Frcukfart
1163 1872 1231 1933 dem
1261 1870 1422 1953 Nihclunp
1456 1892 1515 1934 voa
1542 1869 1710 1934 Eschhorh
1746 1870 1834 1933 scrhs
1863 1868 1981 1949 Hafca
2017 1872 2048 1930 in

506 1978 672 2043 Eschhach
707 1999 805 2061 90900
839 1980 928 2041 doen
953 1976 1032 2041 Zins
1068 1998 1127 2043 oon
1151 1982 1193 2040 44
1218 1976 1328 2041 Arhtcl
1350 1976 1446 2041 Korn
1470 1977 1614 2057 jiihrlich
1644 1980 1677 2039 in
1700 1974 1864 2057 Erhpochi
1893 1975 2047 2039 rrrliehcn

504 2086 570 2149 aad
593 2086 671 2150 dass
694 2086 796 2149 dieser
818 2084 876 2165 (iic
899 2084 1030 2167 riclriipc
1054 2083 1203 2167 Zahlurcp
1226 2084 1281 2147 des
1306 2083 1418 2147 Ziuscs
1447 2084 1524 2147 noch
1550 2083 1715 2147 hesrmdcre
1738 2082 1909 2146 Sicherhcii
1933 2082 2048 2145 benedi

506 2193 593 2257 habe.
641 2190 835 2273 Perculsum,
861 2196 950 2255 1272
972 2191 1069 2272 April
1090 2196 1145 2256 22.

497 2326 547 2391 W.
565 2322 778 2390 miseracione
803 2322 915 2389 divina
935 2322 1099 2406 generalis
1120 2323 1307 2406 prepositus
1322 2321 1595 2389 monasteriorum
1618 2325 1715 2388 beate
1731 2322 1837 2387 Maric
1849 2320 2047 2404 Magdalene

391 2431 514 2497 ordinis
539 2430 647 2497 sancti
670 2428 848 2513 Augustini
873 2438 906 2495 et
937 2428 1024 2496 sedis
1056 2429 1237 2513 apostolice
1268 2430 1468 2512 capellanus.
1517 2429 1689 2496 Universis
1714 2428 1837 2495 Christi
1856 2428 1879 2499 li
1896 2427 2048 2493 fidelibus

391 2545 576 2620 presentem
600 2536 752 2621 paginam
776 2536 984 2619 inspecturis
1010 2537 1149 2602 salutem
1172 2536 1205 2603 in
1230 2544 1365 2602 auctore
1389 2535 1516 2602 salutis.
1563 2536 1625 2617 lla,
1646 2555 1709 2617 que
1733 2542 1893 2618 geruntur
1917 2533 1952 2599 in
1969 2542 2048 2599 tem·

391 2664 480 2728 pore,
512 2664 553 2710 ne
577 2643 672 2709 simul
702 2642 858 2709 labantur
888 2662 961 2709 cum
991 2651 1147 2727 ternpore,
1180 2650 1422 2710 consueverunt
1441 2641 1465 2715 11
1482 2642 1558 2709 vivo
1590 2641 1776 2708 testimonio
1806 2641 1860 2708 vel
1883 2640 2046 2722 scripture

391 2750 577 2818 testimonio
603 2750 786 2833 perennari.
834 2750 921 2815 Hinc
945 2758 1006 2833 est,
1025 2753 1110 2831 quod
1126 2771 1187 2817 nos
1210 2749 1373 2817 universis
1396 2756 1508 2815 notum
1533 2768 1605 2815 esse
1625 2749 1772 2831 cupimus
1795 2755 1830 2814 et
1846 2746 2047 2813 auctoritate

391 2864 508 2925 nostra
535 2856 719 2924 honorabili
741 2856 812 2924 viro
836 2856 1050 2941 Nibeillungo
1074 2856 1206 2938 suisque
1230 2856 1405 2923 heredibus
1436 2859 1476 2921 de
1499 2856 1694 2922 Esshebaoh
1717 2861 1899 2921 conventus
1924 2852 2046 2919 ordinis

391 2964 497 3032 nostri
520 2963 658 3031 contulit
681 2963 714 3028 in
734 2966 847 3030 eadem
864 2964 942 3031 villa
958 2963 1005 3029 VI
1022 2982 1155 3029 mansus
1175 2962 1341 3029 solventes
1357 2963 1495 3046 singulis
1511 2961 1606 3029 annis
1626 2962 1761 3027 XLIIII
1778 2980 1961 3043 mensuras,
1988 2979 2046 3041 que

390 3072 545 3138 dicuntur
568 3070 752 3155 vulgariter
775 3070 921 3151 aihtdeil,
946 3089 1082 3152 quorum
1106 3076 1203 3135 erunt
1226 3071 1274 3135 VI
1298 3069 1410 3136 tritici.
1457 3070 1497 3136 In
1522 3068 1613 3135 cuius
1636 3069 1684 3135 rei
1709 3068 1941 3135 certitudinem
1964 3068 2046 3132 idem

391 3177 552 3263 obligavit
568 3179 731 3259 quoddam
748 3196 896 3243 mansum
912 3196 970 3242 sue
987 3175 1202 3259 proprietatis
1218 3177 1318 3243 situm
1329 3176 1363 3243 in
1376 3176 1597 3257 Obirsteittin‚
1614 3182 1653 3242 ut
1668 3176 1697 3241 si
1713 3175 1832 3257 ahquis
1848 3172 2047 3256 deieccustii

388 3285 423 3351 in
447 3283 612 3352 solucione
636 3282 882 3366 precedencium
910 3282 1125 3363 subcreverit‚
1149 3283 1235 3349 idem
1258 3304 1391 3350 mansus
1416 3287 1512 3350 cedat
1536 3282 1713 3350 conventui
1728 3285 1769 3352 ad
1786 3283 2046 3364 subplementnm

390 3390 574 3458 huiusmodi
590 3390 819 3471 ordinacionis,
836 3390 886 3456 ita
901 3392 1073 3456 dumtaxat
1090 3388 1260 3473 sigrancio
1276 3389 1485 3456 ordinacione
1502 3388 1613 3456 divina
1630 3388 1699 3455 sive
1716 3397 1880 3455 terrarum
1896 3386 2046 3453 turbacio

390 3502 537 3566 eumdem
559 3498 593 3563 in
618 3497 729 3579 aliqua
752 3505 847 3579 parte
870 3495 1065 3579 impedierit,
1090 3495 1319 3562 nichilominus
1342 3500 1383 3562 ad
1408 3495 1606 3562 solucionem
1623 3495 1825 3562 antedictam
1847 3496 1882 3561 in
1898 3494 2046 3560 omnibns

390 3604 527 3671 ecclesie
559 3604 724 3686 sepedicte
755 3624 790 3669 se
822 3603 983 3687 obligavit
1012 3602 1046 3669 in
1070 3602 1225 3668 solvendo
1255 3600 1345 3669 inira
1375 3602 1463 3669 festa
1494 3604 1592 3669 beate
1620 3601 1768 3685 virginis,
1800 3601 1992 3667 nativitatis
2014 3609 2046 3665 et

391 3709 638 3793 assumpcionis.
692 3710 799 3776 Huius
829 3730 908 3776 vero
938 3708 1082 3777 racionis
1113 3716 1217 3775 testes
1246 3718 1337 3775 sunt:
1370 3709 1541 3791 Uolbreht‚
1573 3706 1752 3789 Hildemar,
1784 3708 1933 3773 Henrich
1963 3706 2047 3773 tilius

390 3818 525 3885 Henrici
549 3819 588 3884 de
612 3818 814 3897 Esshebach‚
832 3817 1033 3883 Wernherus
1057 3819 1097 3882 de
1121 3815 1377 3899 Francginvurt,
1403 3822 1437 3881 et
1460 3815 1695 3899 Arnnoldustii
1718 3813 1826 3879 dictus
1844 3812 2045 3884 Bnimeistin

391 3925 545 3992 scabinus
576 3924 742 4006 sepedicte
766 3922 922 3990 civitatis.
971 3924 1093 3988 Datum
1126 3930 1160 3987 et
1193 3930 1301 3988 actum
1334 3922 1368 3987 in
1391 3922 1650 4005 Vrancginvnrt
1685 3940 1771 3987 anno
1804 3920 1914 4004 gracie
1938 3921 1978 3985 rh.
2002 3914 2045 3985 01.

390 4010 529 4113 remi„
555 4010 625 4095 hn
649 4030 806 4096 salamas
829 4029 927 4113 mayr.

607 4163 652 4217 Or.
668 4164 745 4234 Pym.
778 4163 840 4218 Dua
859 4162 947 4233 810901
965 4162 1011 4215 des
1030 4163 1160 4232 Peopstea
1178 4162 1228 4228 scir
1246 4162 1437 4216 manica
1456 4161 1777 4229 sonnebeccensis
1796 4178 1840 4213 aa.

605 4252 644 4306 St.
658 4254 693 4305 A
709 4252 760 4306 Fr.
779 4252 1069 4318 Wciaafruucahloster
1087 4252 1167 4306 Lude
1186 4252 1268 4305 171).
1284 4252 1337 4305 Νο.
1353 4254 1395 4304 la.

605 4341 704 4396 Gala:
723 4340 767 4407 B.,
789 4346 841 4395 158
859 4343 947 4407 ,etech
965 4340 1108 4406 Aeschrisi
1127 4341 1174 4395 dea
1193 4339 1288 4409 Sebhff
1305 4340 1422 4394 Thomas
1440 4356 1499 4394 vom
1520 4338 1606 4393 Or.“.

610 4432 702 4485 Vera:
721 4431 820 4487 Scriba
839 4431 882 4496 II,
903 4431 956 4483 No.
977 4434 1035 4483 611.

390 4612 482 4689 305.
507 4620 646 4702 Pforrcr
668 4618 787 4701 Erpert
810 4619 982 4699 ocrsprc'chi
1007 4621 1039 4681 io
1062 4618 1119 4681 der
1142 4616 1176 4680 F
1174 4617 1360 4699 rardcfroicr
1383 4616 1584 4697 Siifislirchc
1611 4619 1678 4680 eine
1700 4636 1777 4679 aare
1801 4612 1966 4678 Prhhende
1986 4614 2049 4695 fii-r

506 4731 595 4793 cinea
617 4728 814 4791 dreiachuien
837 4724 1030 4789 Kanobikos
1053 4747 1094 4789 ru
1118 4724 1237 4806 stifica.
1286 4726 1400 4808 91272,
1424 4746 1480 4787 ror·
1504 4723 1633 4806 0109001
1656 4720 1728 4803 aa]
1739 4719 1752 4757 ¹

498 4862 578 4927 Cum
612 4878 673 4943 ego
703 4859 754 4939 E„
798 4858 956 4941 plebanus
988 4854 1321 4929 Frankenfordensis,
1358 4859 1399 4922 ad
1436 4875 1551 4937 preces
1586 4852 1785 4921 venerabilis
1830 4852 1952 4919 domini
1983 4852 2050 4918 mei

391 4969 441 5034 W.
468 4964 707 5048 archiepiscopi
738 4963 925 5048 Magantini
954 4962 978 5037 li
1007 4971 1161 5046 receptus
1199 4963 1259 5028 sim
1297 4962 1362 5029 iam
1401 4962 1512 5028 multis
1543 4961 1638 5028 annis
1669 4959 1790 5042 elapsis
1818 4979 1889 5025 a..
1924 4962 2048 5025 decano

390 5081 425 5140 et
455 5072 598 5155 capitulo
629 5071 766 5139 ecclesie
796 5069 1119 5181 Frgpnkeniordensis
1149 5068 1184 5135 in
1214 5069 1406 5136 canonicum
1426 5068 1502 5143 liet
1531 5068 1564 5134 in
1596 5068 1735 5133 fratrem
1764 5072 1798 5131 et
1830 5067 1903 5132 XV.
1926 5066 2050 5133 actalia

390 5184 528 5269 siliginis
552 5191 586 5250 et
609 5182 757 5250 redditus
773 5183 888 5249 ΧΙΙΠ.
906 5201 1090 5248 marcarum
1107 5180 1315 5247 denariorum
1328 5180 1576 5261 boloniensium,
1594 5198 1730 5261 quorum
1742 5176 2049 5250 medietatemiiiam

389 5292 494 5359 habeo
519 5290 644 5357 tamin
667 5290 860 5372 redditibus,
885 5308 983 5371 quam
1006 5288 1147 5370 pecunia
1169 5294 1332 5370 prompta,
1357 5285 1508 5353 conferre
1530 5287 1699 5352 intendam
1723 5283 1860 5351 ecclesie
1876 5284 2049 5350 Franken-

389 5397 546 5481 iordensi,
571 5397 688 5480 quibus
719 5398 821 5463 eciam
852 5396 1022 5464 advitam
1045 5413 1148 5460 meam
1173 5413 1231 5476 pro
1255 5396 1423 5476 prebenda
1445 5393 1520 5461 volo
1544 5412 1616 5459 esse
1641 5398 1825 5472 contentus,
1850 5399 2001 5475 rogant
2026 5412 2049 5456 a

390 5505 478 5570 dicto
504 5558 509 5571 .
538 5558 544 5571 .
573 5503 701 5571 domino
734 5507 857 5570 decano
888 5510 922 5569 et
952 5500 1096 5584 capitulo
1127 5500 1270 5582 recipiar
1299 5502 1333 5566 in
1363 5499 1500 5583 capituli
1530 5498 1581 5565 sui
1611 5498 1750 5565 fratrem
1779 5505 1814 5563 et
1844 5496 2049 5564 consorcium

446 5684 453 5714 ¹
469 5682 526 5752 791.
541 5684 607 5736 oben
626 5682 679 5737 No.
694 5686 736 5736 39.
775 5682 785 5713 ²
805 5682 904 5736 Daiirt
917 5680 986 5734 aaut
1001 5679 1053 5732 No.
1067 5682 1128 5745 306,
1142 5681 1191 5748 091.

390 5771 461 5824 auch
478 5771 522 5824 die
541 5772 667 5825 verietate
687 5771 761 5824 Zeita
779 5770 867 5825 dieser
884 5768 1021 5824 Urhuudc.
