4400 6384
878 320 945 374 1284
965 320 1074 389 August
1095 321 1135 373 14.
1766 323 1830 387 237

178 518 334 599 10110000,
360 524 557 600 0010010100
589 517 716 599 plenam
746 519 885 583 habeam
915 520 955 582 de
986 517 1079 583 bonis
1111 518 1190 583 meis
1220 517 1392 583 mobilibus
1421 517 1553 600 legendi
1583 520 1625 583 ad
1655 517 1727 583 loca
1755 538 1832 599 que-

179 645 304 707 cunque
335 624 405 691 sine
436 624 695 691 contradictione
726 645 784 706 pro
813 644 882 689 mee
905 624 998 690 libito
1022 625 1213 692 voluntatis
1265 626 1328 690 Sed
1352 624 1507 706 quidquid
1531 644 1596 690 non
1619 624 1773 707 legavero
1798 631 1832 689 et

178 732 275 799 nrichi
297 733 385 798 ultra
408 750 513 797 meam
537 731 766 797 necessitatem
783 730 958 813 retinuero,
983 732 1044 796 hoc
1061 734 1103 797 ad
1119 730 1285 812 prelatum
1301 731 1463 812 hospitale
1479 730 1610 813 penitus
1626 731 1829 798 devolvetur.

179 840 217 904 Iu
242 838 333 905 00100
357 837 405 904 rei
428 837 648 904 testimonium
672 836 813 920 sigillum
837 836 983 903 civitatis
999 839 1331 905 Frankcnvordenets
1355 838 1562 919 presentibus
1579 837 1701 920 apponi
1716 838 1833 920 rogavi

178 946 211 1011 in
235 944 456 1010 testimonium
479 944 719 1025 premissorum.
760 943 806 1008 Et
828 962 888 1009 nos
912 944 1081 1026 scultetus,
1102 997 1107 1007 .
1128 997 1134 1008 .
1152 944 1278 1010 scabini
1302 952 1336 1011 et
1359 944 1447 1012 cives
1471 944 1621 1026 predicti,
1647 943 1724 1025 quia
1746 944 1832 1009 idem

179 1052 383 1117 Hartmudus
407 1053 447 1116 ob
471 1052 626 1116 honorem
650 1050 702 1116 dei
726 1049 957 1131 omnipotentis
981 1070 1019 1116 ac
1043 1050 1184 1134 gloriose
1208 1050 1345 1135 virginis
1366 1051 1478 1136 Maris,
1494 1050 1723 1132 prenominata
1745 1052 1832 1116 bona

180 1156 310 1243 prefato
341 1157 497 1239 hospitali
527 1177 566 1223 ac
597 1157 795 1239 pauperibus
825 1156 945 1223 ibidem
976 1157 1123 1238 eontulit,
1155 1164 1192 1223 ut
1222 1164 1273 1223 est
1302 1158 1434 1239 dictum,
1463 1158 1562 1223 talem
1592 1156 1656 1222 sibi
1686 1156 1831 1240 graciam

180 1264 330 1330 duximus
360 1262 554 1345 faciendam,
580 1266 665 1345 quod
694 1263 831 1330 inantea
854 1267 895 1330 ab
920 1264 1006 1331 omni
1028 1264 1210 1345 exactione,
1235 1265 1396 1345 precaria,
1422 1284 1479 1330 seu
1503 1264 1744 1330 contributione
1769 1264 1832 1329 erit

178 1370 262 1437 liber
291 1370 422 1452 penitus
453 1378 485 1437 et
516 1371 695 1437 absolutus
748 1372 812 1437 In·
836 1372 1067 1463 premissorum
1096 1371 1237 1437 omnium
1268 1370 1487 1437 testimonium
1518 1378 1617 1451 atque
1643 1370 1832 1436 firmitatem

181 1484 363 1557 presentem
386 1477 532 1543 litteram
556 1477 662 1560 sigillo
687 1476 833 1544 civitatis
857 1484 969 1543 nostre
993 1478 1142 1543 duximus
1163 1480 1391 1544 roborandam.
1431 1479 1551 1544 Actum
1568 1483 1600 1542 et
1617 1480 1730 1543 datum
1746 1497 1831 1542 anno

180 1584 301 1649 domini
323 1584 362 1649 0.
385 1578 427 1650 a.
449 1562 584 1649 iudx.
611 1564 703 1663 nir,
725 1584 751 1648 1.
773 1584 846 1649 nus
871 1584 1013 1667 augusti.

397 1726 443 1779 Or.
457 1726 544 1797 Pymt.
557 1727 607 1779 mit
626 1726 828 1794 abhanycndcnt
847 1724 1015 1779 Bruclastr'tcl·
1033 1726 1079 1779 des
1097 1726 1273 1795 Stcdtsiepela
1281 1728 1331 1791 (2).
1378 1725 1416 1779 st.
1430 1727 1464 1778 A.
1479 1726 1529 1779 Fr.
1544 1725 1831 1792 1101110-00101-11000.

446 1814 681 1869 mamm

394 1903 493 1957 Getta:
510 1902 554 1970 B,
572 1906 626 1956 215
644 1904 715 1957 nach
733 1903 791 1955 (1000
813 1902 858 1956 Or.
880 1944 895 1969 .,
914 1903 1021 1956 dcccclv
1039 1904 1167 1972 pellicei:
1185 1902 1282 1971 Seuer,
1301 1904 1326 1968 Ι,
1345 1908 1405 1957 608.

398 1992 489 2046 Vera:
508 1992 613 2060 Scriba,
632 1992 675 2059 Π,
695 1992 748 2046 Νο.
766 1994 824 2045 753.

179 2269 270 2345 495.
294 2278 362 2343 Der
377 2279 554 2344 Sclvolcstcr
570 2279 733 2344 Jobcnncs
757 2300 817 2344 uon
832 2279 963 2344 Rodobc
986 2280 1081 2344 (101111
1104 2282 1164 2344 (len
1179 2282 1275 2346 Alter
1297 2282 1353 2345 ‹lc-r
1369 2281 1516 2363 Heilr'pcn
1532 2278 1704 2363 Jtcnpfraa
1719 2278 1831 2342 Mario

296 2390 329 2450 in
351 2387 407 2450 cler
430 2385 550 2450 thhe
572 2388 627 2450 (100
652 2386 799 2471 1101110011
822 2386 1086 2451 Bartholomaeus
1109 2410 1151 2451 aa
1174 2386 1367 2470 Franlfsot.
1416 2393 1502 2452 12⁸4
1526 2388 1655 2471 100001
1679 2391 1731 2450 14.

287 2530 359 2613 Ego
384 2530 554 2596 Johannes
578 2529 686 2595 dictus
710 2532 749 2595 de
774 2530 922 2611 Rudaha,
949 2529 1143 2596 scolasticus
1166 2530 1302 2596 ecclesie
1325 2528 1657 2596 Frankentordensis.
1705 2528 1833 2593 Tenore

180 2636 386 2718 presencium
416 2654 614 2719 recognosco
633 2633 659 2708 11
677 2636 883 2717 presentibus
914 2644 948 2702 et
977 2634 1099 2702 futuris
1130 2637 1258 2718 publice
1286 2637 1479 2719 profitendo,
1504 2639 1590 2718 quod
1614 2637 1654 2700 ob
1678 2637 1833 2701 honorem

180 2741 412 2824 omnipotentis
442 2741 494 2807 dei
524 2748 557 2807 et
587 2740 728 2825 gloriose
746 2739 769 2815 ll
787 2741 925 2825 virginis
955 2742 1071 2809 matris
1102 2742 1172 2809 0100
1203 2743 1298 2809 acin
1323 2744 1499 2810 remedium
1523 2742 1629 2808 anime
1652 2761 1722 2807 mee
1746 2759 1833 2805 meo-

179 2868 314 2930 rumque
338 2854 511 2930 parentum
535 2848 641 2914 altare
665 2849 762 2913 beate
783 2848 921 2932 virginis
940 2850 963 2921 ll
981 2848 1014 2915 in
1032 2849 1173 2915 ecclesia
1187 2849 1278 2915 beati
1293 2849 1516 2916 Bartholomei
1530 2846 1833 2915 Frankenfordcnsi

180 2955 293 3022 dotavi
324 2974 396 3021 cum
425 2956 519 3022 honis
543 2962 578 3021 01
600 2954 815 3037 proventibus
839 2955 1043 3039 subscriptis
1068 2956 1103 3022 in
1126 2958 1212 3022 hunc
1235 2960 1365 3022 modum
1388 2956 1552 3038 videlicet,
1578 2958 1663 3037 quod
1688 2954 1833 3021 officiens

177 3062 286 3145 ipsum
310 3061 416 3127 altare
440 3061 577 3144 recipiet
600 3060 737 3145 singulis
761 3061 857 3127 annis
876 3082 992 3129 novem
1009 3062 1131 3129 actalia
1147 3062 1296 3146 siliginis,
1321 3082 1458 3144 quorum
1474 3062 1646 3129 Cristanus
1661 3062 1696 3127 in
1712 3063 1833 3128 Cader-

180 3189 267 3251 canp
291 3176 325 3234 01
349 3168 419 3234 0100
442 3170 579 3235 heredes
603 3174 762 3250 perpetuo
786 3171 912 3234 dabunt
936 3176 1077 3250 quatuor
1101 3170 1223 3236 octalia
1247 3170 1386 3254 siliginis
1409 3174 1449 3236 de
1471 3169 1563 3235 curia
1578 3169 1612 3234 in
1628 3170 1831 3249 Cadercanp,

179 3295 277 3357 quam
301 3295 387 3340 nuuc
410 3275 585 3353 inhabitat,
611 3282 644 3341 et
668 3281 720 3340 est
743 3274 809 3341 sita
831 3274 865 3341 in
889 3276 1001 3358 platea
1025 3279 1114 3358 apud
1135 3276 1362 3342 molendinum.
1398 3279 1482 3343 Item
1506 3282 1539 3341 et
1563 3278 1603 3342 de
1619 3274 1713 3341 bonis
1728 3274 1833 3340 inira-

180 3382 368 3467 scribtistll,
392 3382 547 3449 videlicet
570 3388 712 3463 quatuor
734 3381 850 3465 iugera
873 3390 1043 3465 pratorum
1067 3386 1107 3448 de
1128 3383 1328 3450 Breidewise
1352 3390 1386 3449 01
1401 3403 1500 3448 unum
1515 3383 1609 3466 iuger
1626 3381 1715 3464 prati
1731 3382 1831 3446 Zume
1937 3442 1940 3445 ,

184 3489 324 3555 Stocbee
348 3496 382 3555 et
404 3508 503 3554 unum
525 3488 620 3571 inger
636 3487 718 3571 agri,
743 3488 799 3554 ubi
823 3489 1032 3556 descenditur
1050 3492 1091 3556 ad
1109 3490 1290 3572 ecelesiam,
1316 3490 1428 3556 eterni
1442 3489 1522 3555 illud
1539 3488 1833 3571 apudWigandum

180 3596 317 3663 Gribeu.
364 3596 448 3661 Item
472 3594 678 3663 Giselbertus
703 3594 809 3661 dictus
827 3596 938 3677 Caupo
963 3603 998 3661 et
1020 3596 1071 3662 sui
1093 3598 1231 3662 heredes
1255 3598 1382 3663 dabunt
1405 3599 1445 3661 de
1468 3596 1582 3678 vineis,
1608 3615 1691 3680 quas
1713 3594 1833 3659 ibidem

140 3788 143 3791 ,
180 3701 371 3783 comparavi
395 3701 571 3783 emptionis
596 3701 703 3783 titulo,
728 3704 791 3767 duo
816 3702 938 3769 octalia
961 3702 1109 3785 siliginis.
1155 3702 1241 3769 Item
1265 3702 1422 3769 debonis
1439 3702 1582 3785 Dyboldi
1603 3701 1637 3767 iu
1654 3702 1833 3767 Ovenbach

180 3808 320 3874 senioris
343 3808 405 3873 Ill.
429 3808 550 3874 0010110
573 3807 721 3891 siliginis.
769 3808 841 3873 Hec
864 3808 993 3889 quidem
1017 3826 1149 3875 annona
1171 3808 1260 3875 inira
1284 3809 1543 3891 assumpcionem
1567 3815 1600 3873 01
1623 3807 1833 3874 nativitatem

179 3918 279 3982 beate
310 3915 448 3999 virginis
481 3914 726 3997 presentabitur
759 3914 992 3982 Frankenlord
1025 3916 1180 3982 efficienti
1212 3916 1319 3983 altare
1352 3922 1562 3998 prenotatum
1595 3916 1636 3980 ab
1668 3914 1744 3995 illis,
1778 3914 1834 3995 qui

180 4022 303 4088 dictam
334 4022 458 4087 curiam
488 4021 523 4087 in
547 4023 739 4103 Cadercanp
764 4027 797 4087 et
820 4020 970 4107 vineistl)
999 4022 1117 4088 ibidem
1142 4029 1201 4089 aut
1225 4022 1349 4088 curiam
1371 4022 1406 4087 in
1429 4022 1609 4088 Ovenbach
1632 4020 1833 4087 antedictam

179 4130 315 4211 habent,
347 4127 525 4210 possident,
557 4128 609 4194 vel
640 4127 864 4209 possidebunt.
919 4129 1003 4194 Item
1034 4129 1288 4212 Byscovesheim
1318 4128 1432 4196 vineas
1462 4128 1607 4210 habehit,
1639 4147 1722 4209 quas
1745 4129 1833 4209 apud

181 4236 387 4301 Waltherum
417 4233 518 4301 filium
541 4234 681 4300 Walteri
705 4238 744 4300 de
768 4236 925 4302 Mersvelt
950 4235 1141 4317 conparavi,
1166 4242 1200 4302 et
1222 4255 1321 4302 unum
1344 4234 1438 4318 iugcr
1462 4234 1584 4301 dictum
1607 4236 1707 4300 Zume
1730 4235 1831 4317 Lohc,

181 4362 321 4423 quarum
343 4340 472 4407 fructus
496 4340 655 4424 percipiet
679 4340 823 4407 officiens
844 4342 949 4407 altare
967 4362 1038 4407 cunr
1055 4362 1186 4409 annona
1201 4348 1390 4409 memorata.
1426 4343 1511 4408 11010
1527 4345 1655 4407 domurn
1670 4342 1834 4423 lapideam

181 4450 371 4532 contiguam
400 4448 509 4514 domui
543 4446 656 4514 Silridi
684 4447 842 4530 canonici,
868 4450 928 4513 sub
953 4469 1017 4529 000
1042 4456 1092 4515 001
1117 4450 1280 4515 stabulum
1305 4455 1338 4515 et
1361 4469 1426 4514 non
1451 4448 1712 4534 cellarariumlll.
1750 4450 1834 4514 11010

181 4559 222 4621 10
247 4554 450 4641 0100100101),
475 4574 557 4634 quas
580 4553 675 4619 iuxta
698 4553 892 4619 cimiterium
916 4554 1074 4635 edificavi,
1101 4558 1267 4621 dabuntur
1283 4563 1408 4637 septem
1424 4555 1551 4621 denarii
1567 4556 1703 4638 singulis
1720 4554 1833 4620 diebus

181 4661 351 4727 dominicis
382 4664 424 4727 ad
457 4661 563 4727 altare
594 4660 703 4727 sancti
733 4660 964 4742 Bartholomei,
997 4682 1134 4742 quorum
1164 4662 1327 4744 presbiter
1359 4663 1529 4728 celebrans
1552 4662 1586 4728 in
1609 4662 1666 4727 illa
1690 4661 1741 4726 die
1765 4669 1833 4726 tres

179 4767 329 4849 recipiet,
361 4775 502 4849 quatuor
532 4787 609 4835 vero
633 4766 775 4832 ministri
805 4766 864 4846 001,
897 4774 931 4832 01
961 4767 1115 4849 00110011
1147 4771 1186 4834 10
1217 4769 1423 4855 censubus(!)
1450 4770 1595 4850 ipsarum
1620 4775 1834 4851 aputecarum

179 4874 356 4956 supererit,
388 4873 541 4940 officiauti
572 4874 694 4939 dictum
718 4874 824 4939 altare
847 4873 1040 4939 remanebit.
1086 4876 1245 4940 Preterea
1269 4875 1392 4957 ordino,
1418 4879 1512 4958 douo,
1538 4874 1752 4959 ordanavitl),
1777 4871 1834 4940 etb

179 4980 304 5048 donavi
326 4981 441 5047 vineas
464 4980 497 5045 in
514 4982 719 5059 Hohenstad,
737 4999 819 5061 quas
836 4983 922 5063 apud
940 4980 1104 5046 dominum
1122 5034 1127 5044 .
1148 5034 1154 5045 .
1173 4984 1326 5048 abbatem
1343 4990 1376 5048 et
1393 4990 1589 5049 conventum
1604 4982 1637 5047 in
1654 4982 1833 5064 Hagenehe

179 5087 364 5169 conparavi
396 5087 503 5153 dictas
531 5088 580 5151 Zu
610 5106 661 5152 me
690 5087 900 5168 Destbaume,
932 5086 1009 5152 item
1042 5107 1141 5152 unum
1173 5087 1267 5171 iuger
1299 5088 1421 5153 dictum
1446 5089 1658 5172 Sygenaudes
1688 5107 1832 5169 morgen,

179 5196 270 5276 quod
300 5196 387 5276 apud
411 5194 642 5277 Sygcnandum
672 5196 711 5258 dc
737 5192 937 5259 Stheinheim
966 5193 1155 5274 conparavi,
1180 5194 1278 5260 situm
1302 5195 1396 5261 iuxta
1420 5215 1548 5261 crucem
1571 5194 1605 5260 in
1628 5194 1832 5273 Hohenstad,

178 5304 321 5380 domum,
353 5318 450 5381 quam
480 5298 645 5365 inhabitat
668 5298 857 5365 Adelheidis
882 5300 971 5364 dicta
994 5302 1033 5364 de
1058 5300 1173 5365 Veteri
1195 5302 1339 5383 Moneta,
1365 5322 1437 5367 cum
1461 5301 1608 5367 domibus
1632 5303 1675 5366 ad
1699 5302 1834 5366 eandem

178 5410 312 5472 domum
336 5405 586 5487 pertinentibus,
612 5408 772 5486 quondam
790 5404 909 5471 Leonis
931 5405 994 5471 mei
1010 5405 1222 5472 concanonici
1238 5410 1365 5473 domum
1382 5407 1480 5473 sitam
1494 5407 1589 5472 iuxta
1604 5406 1835 5471 Predicatores

177 5534 221 5579 cx
247 5512 375 5594 oposito
400 5516 512 5577 domus
529 5511 669 5595 Agnetis
694 5512 779 5577 dicte
797 5514 1002 5594 Sparweren,
1028 5512 1152 5578 curiam
1176 5513 1273 5579 sitam
1295 5512 1327 5579 in
1345 5513 1562 5593 Saseuhusen,
1580 5512 1672 5578 00100
1688 5512 1835 5594 proprie-

451 5710 474 5755 0)
488 5704 582 5747 1110100·
597 5704 646 5755 ,ln·¹
663 5705 702 5747 eiu
724 5705 836 5757 tangeres
857 5704 915 5747 ode-r
935 5705 1046 5748 mtehrere
1062 5704 1141 5748 Worte
1162 5704 1240 5747 durch
1254 5705 1339 5748 Rumor
1358 5704 1451 5758 0011101,
1467 5704 1511 5747 der
1524 5705 1681 5748 entstandene
1694 5704 1776 5747 Reum
1790 5707 1837 5747 nait

396 5776 474 5818 elnam
490 5776 574 5819 Str-ich
589 5775 747 5829 durctcopen.
777 5775 802 5829 b)
820 5766 883 5818 Uber
897 5775 941 5819 der
955 5775 1028 5819 Zelle.
