4400 6384
903 324 1046 379 6661116
1067 324 1108 378 16.
1767 329 1832 394 123

173 528 244 587 tate
261 520 467 603 satisfacere,
482 530 580 605 prout
596 529 788 589 executores
805 522 897 605 pacis
911 522 1049 603 predicti
1062 522 1269 588 decreverint
1280 520 1514 606 iniungendum
1526 522 1639 589 eidem.
1671 524 1742 609 (12)
1754 526 1833 591 Ρ16-

172 638 268 697 16166
292 633 559 711 quandocumque
582 629 680 695 iidem
704 629 795 711 pacis
819 636 1011 695 executores
1032 628 1240 695 decreverint
1255 632 1495 711 procedendum
1511 648 1583 696 cum
1600 630 1700 697 armis
1717 640 1834 698 contra

172 738 266 820 pacis
282 737 470 818 violatores
485 736 621 819 quilibet
638 736 729 818 pacis
745 756 880 802 consors
897 739 1061 818 procedet,
1076 738 1253 803 secundum
1269 739 1355 818 quod
1370 735 1435 819 ipsi
1451 736 1513 802 sibi
1529 756 1588 819 pro
1601 737 1762 819 qualitate
1774 760 1832 806 sue

172 865 313 928 persone
330 844 538 911 decreverint
554 843 789 926 inponendum;
808 863 867 909 nec
884 847 1022 909 eductus
1039 843 1204 925 exercitus
1220 842 1304 911 solvi
1320 844 1427 925 debet,
1441 843 1504 909 nisi
1516 842 1580 925 ipsi
1592 864 1664 911 eum
1680 848 1834 914 decreve-

170 952 239 1017 rint
263 972 335 1018 esse
360 951 560 1019 solvendum.
602 951 672 1037 (13)
691 948 883 1017 Satislactio
908 950 1011 1016 eciam
1035 957 1068 1015 et
1096 952 1233 1016 eruenda
1257 969 1322 1016 666
1345 950 1584 1032 acceptabitur,
1601 950 1745 1033 61611661
1761 972 1834 1019 eam

172 1058 402 1141 reputaverint
419 1060 665 1140 acceptandam.
691 1058 761 1142 (14)
774 1058 857 1124 Item
875 1060 1003 1139 quando
1021 1064 1213 1124 executores
1230 1057 1323 1139 pacis
1339 1056 1474 1123 cuilibet
1488 1057 1583 1124 iuxta
1600 1077 1693 1125 suum
1709 1066 1833 1125 statum

171 1186 335 1249 expensas
360 1165 510 1231 dederint
534 1168 574 1231 (16
599 1164 768 1246 communi,
794 1164 822 1230 si
845 1164 900 1231 ille
924 1172 1042 1247 postea
1057 1164 1131 1247 plus
1148 1167 1332 1246 expendere
1348 1164 1499 1245 voluerit,
1525 1168 1565 1231 de
1580 1167 1683 1232 bursa
1698 1166 1833 1249 propria

171 1274 234 1339 hoc
258 1274 432 1355 expendat.
469 1272 539 1358 (15)
555 1274 649 1357 Quod
673 1271 702 1337 61
726 1271 844 1353 aliquis
866 1272 1004 1338 istorum
1028 1270 1120 1353 pacis
1144 1279 1355 1337 executurum
1379 1271 1567 1353 decesserit,
1592 1272 1631 1354 is,
1657 1291 1716 1354 pro
1741 1273 1833 1339 cuius

172 1387 269 1461 parte
293 1377 379 1445 idem
404 1386 612 1461 premortuus
635 1376 748 1444 166161
770 1377 953 1459 1661116166,
977 1376 1067 1444 16116
1091 1378 1162 1444 dies
1185 1377 1432 1459 quatuordecim
1458 1378 1556 1445 alium
1575 1398 1656 1460 eque
1672 1382 1834 1463 ydoneum

171 1486 376 1569 subrogabit.
401 1486 622 1571 (16)1)6666
638 1485 672 1551 in
689 1504 889 1566 quocumque
905 1485 1040 1568 negocio
1058 1484 1199 1551 omnium
1216 1484 1436 1568 predictorum
1452 1484 1636 1567 supradicti
1649 1486 1742 1568 pacis
1758 1507 1833 1553 exe·

171 1600 305 1660 cutores
322 1592 529 1673 nequiverint
545 1592 758 1658 6666661161
775 1595 985 1674 6666611616,
1000 1592 1145 1658 61611161
1160 1590 1360 1658 ordinationi
1374 1591 1507 1658 maioris
1524 1598 1558 1657 et
1574 1592 1715 1659 sanioris
1727 1593 1834 1676 partis

171 1704 358 1767 eorundem.
417 1702 574 1765 Preterea
607 1699 636 1765 si
668 1706 747 1765 vota
780 1698 981 1783 singulorum
1014 1700 1055 1765 ab
1088 1698 1228 1765 invicem
1261 1698 1505 1782 discreparent,
1539 1699 1663 1782 eligent
1694 1699 1834 1783 aliquem

172 1810 312 1889 probum
335 1806 441 1874 virum
466 1806 688 1887 communiter,
714 1805 825 1872 611116
849 1812 927 1872 tunc
950 1806 1086 1873 babebit
1110 1812 1309 1888 potestatem
1331 1805 1417 1871 idem
1439 1806 1610 1889 negocium
1626 1807 1833 1889 1616166611,

171 1933 359 1996 superque
384 1913 601 1994 nequiverant
626 1915 835 1979 concordare.
875 1913 946 1999 (11)
961 1913 1010 1978 Ν6
1034 1918 1144 1978 66166
1168 1911 1260 1995 pacis
1284 1911 1436 1978 execucio
1461 1919 1529 1979 tam
1553 1913 1720 1980 extraneis
1737 1934 1834 1995 quam

170 2019 335 2103 indigenis
360 2022 402 2085 ad
426 2021 625 2085 6616661166
650 2025 684 2085 61
708 2018 919 2085 securitatem
939 2038 1050 2085 eorum
1065 2018 1291 2101 multipliciter
1307 2015 1482 2100 profutura
1497 2026 1632 2085 maneat
1645 2019 1834 2101 incompleta

171 2148 214 2193 ex
238 2125 369 2193 deiectu
393 2146 502 2193 rerum
526 2133 560 2192 et
582 2126 803 2208 inpensarum,
829 2145 911 2208 quas
934 2126 1106 2209 negocium
1128 2126 1190 2191 boc
1213 2124 1368 2207 requiret,
1394 2125 1543 2191 dominus
1567 2125 1834 2209 archiepiscopus

172 2234 391 2317 Maguntioas
425 2236 629 2317 dyocesanus
663 2239 696 2299 61
728 2232 877 2299 domiuus
907 2240 996 2299 terre
1029 2232 1150 2298 statuit
1182 2235 1222 2297 (16
1254 2232 1415 2298 communi
1444 2252 1604 2298 consensu
1635 2240 1670 2298 61
1699 2232 1833 2299 consilio

171 2340 315 2407 omnium
338 2339 560 2422 predictorum
583 2339 616 2405 in
641 2338 821 2405 subsidium
845 2339 931 2405 dicte
955 2339 1058 2422 pacis,
1084 2342 1177 2421 quod·
1194 2340 1234 2404 de
1250 2338 1388 2423 siugulis
1405 2345 1535 2405 centum
1550 2339 1679 2406 6611116
1695 2338 1834 2423 6111611616

169 2447 363 2531 Ilaguntiae
393 2466 553 2527 mensure,
579 2465 640 2528 que
665 2466 724 2529 per
752 2466 855 2529 aquas
880 2450 920 2512 ad
945 2449 1150 2513 vendendum
1174 2448 1347 2527 ducuntur,
1373 2451 1447 2511 6616
1471 2445 1599 2511 denarii
1622 2446 1832 2513 Colonieuses

170 2562 206 2621 et
237 2558 277 2620 de
308 2560 438 2619 centurn
463 2552 591 2619 16611116
619 2572 723 2619 61666
747 2552 956 2619 Colonienses
981 2560 1123 2635 quatuor
1147 2552 1388 2635 persolvantur.
1435 2553 1520 2619 Item
1543 2556 1584 2620 de
1607 2560 1742 2620 carrata
1765 2554 1834 2621 1161

169 2660 377 2727 Frankonici
406 2666 547 2742 quatuor
572 2659 791 2741 colonienses,
817 2659 856 2724 de
887 2665 1022 2726 6611616
1052 2679 1131 2727 1616
1161 2659 1231 2725 1161
1252 2658 1373 2725 Η66161
1405 2662 1468 2725 duo
1499 2666 1637 2725 tanturn.
1685 2660 1833 2727 1166116

170 2768 319 2850 quolibet
349 2787 447 2834 curru
475 2774 631 2849 portante
655 2765 895 2833 6666666161
919 2786 1058 2834 avenam
1081 2766 1116 2832 16
1140 2766 1318 2849 611116166,
1344 2764 1726 2850 6116116666166111161,
1751 2767 1833 2834 16116

170 2874 328 2941 denarius
359 2874 501 2955 dabitur,
527 2874 716 2955 priusquam
741 2892 840 2955 super
864 2874 975 2940 (16666
999 2872 1128 2955 aliquas
1152 2879 1341 2956 reponatur.
1388 2873 1439 2939 De
1461 2872 1541 2957 biga
1564 2873 1714 2940 similiter
1737 2876 1834 2941 detur

169 2980 270 3063 assis.
310 2981 360 3047 De
384 3000 482 3047 curru
507 2979 609 3047 eciam
633 2986 773 3045 exeunte
798 2978 966 3047 6111161616
991 2987 1024 3045 61
1048 2977 1218 3047 deferente
1241 2999 1404 3047 annonam
1423 2981 1476 3047 vel
1492 3000 1631 3048 avenam
1646 2981 1680 3047 in
1697 2981 1833 3049 civitate

170 3095 315 3169 emptam
339 3106 423 3153 unus
447 3085 601 3153 denarius
626 3085 827 3153 coloniensis
851 3087 1066 3168 persolvetur.
1108 3086 1263 3154 Similiter
1286 3090 1326 3153 de
1349 3087 1428 3171 biga
1451 3087 1604 3154 denarius
1626 3088 1709 3155 levis
1726 3090 1831 3154 detur.

169 3195 257 3259 Item
288 3197 328 3260 de
359 3213 451 3275 equo,
476 3194 563 3259 mulo
593 3192 647 3261 vel
677 3193 770 3259 asino
801 3200 957 3274 portante
986 3193 1020 3260 in
1052 3193 1221 3262 civitatem
1244 3194 1299 3261 vel
1322 3194 1426 3260 eciam
1449 3201 1644 3276 asportante
1668 3214 1833 3261 annonam

169 3301 225 3367 vel
249 3320 388 3367 avenam
412 3303 453 3366 ad
474 3302 647 3366 'emendum
670 3299 725 3365 vel
746 3302 951 3368 vendendum
968 3301 1084 3367 obulus
1100 3301 1183 3368 levis
1199 3300 1305 3367 detur.
1345 3301 1446 3368 Nemo
1463 3300 1573 3366 viuum
1589 3301 1643 3367 vel
1659 3321 1831 3383 annonam,

169 3428 235 3489 que
258 3408 293 3473 16
315 3407 410 3475 bonis
434 3406 502 3473 suis
526 3406 590 3473 sibi
614 3414 799 3489 creverunt,
826 3409 948 3473 ducens
971 3408 1005 3473 in
1025 3408 1196 3475 civitatem
1212 3415 1245 3475 et
1261 3427 1424 3490 reponens
1439 3407 1474 3473 iu
1490 3409 1602 3473 domos
1618 3407 1672 3475 vel
1687 3411 1833 3475 vendens

169 3518 212 3580 de
230 3514 377 3580 1166111166
392 3513 483 3597 16616,
502 3513 594 3580 dabit
612 3513 734 3595 aliquid
751 3517 790 3579 de
808 3513 938 3596 eisdem,
954 3521 1005 3580 661
1021 3515 1050 3580 61
1065 3514 1156 3581 16161
1172 3534 1231 3597 661
1247 3534 1351 3597 aquas
1366 3514 1420 3582 vel
1435 3534 1495 3597 per
1511 3521 1658 3581 terram*
1672 3517 1833 3581 deducere

169 3625 214 3689 ad
245 3623 460 3702 vendendum,
485 3620 579 3686 dabit
608 3619 694 3702 inde,
721 3620 806 3687 sicut
836 3620 987 3702 superius
1018 3629 1069 3688 est
1100 3640 1301 3703 expressum.
1349 3622 1433 3687 Item
1464 3623 1504 3686 de
1527 3620 1674 3703 qualibet
1698 3628 1833 3687 carrata

168 3728 242 3797 vini
270 3728 469 3795 Franconici
498 3727 600 3809 empti
630 3735 664 3793 61
692 3726 865 3809 vendendi,
898 3731 984 3809 quod
1015 3748 1074 3810 per
1105 3735 1213 3794 terras
1243 3727 1375 3793 ducitur
1404 3746 1503 3809 super
1533 3746 1660 3808 currus,
1691 3734 1833 3809 quatuor

170 3834 301 3902 denarii
317 3834 527 3902 bolonienses
551 3834 624 3901 dam'
647 3835 777 3916 debent,
803 3836 843 3899 de
860 3833 997 3917 singulis
1013 3854 1093 3902 vero
1110 3834 1252 3901 carratis
1268 3833 1337 3901 vini
1351 3833 1473 3900 Η66161
1490 3840 1619 3899 166166
1634 3836 1708 3899 duo.
1748 3835 1832 3901 Itern

169 3942 311 4025 quilibet
335 3961 451 4009 currus
476 3948 535 4007 aut
557 3940 636 4025 biga
660 3939 813 4008 (16161666
836 3940 1046 4007 6616166616
1070 3949 1104 4008 61
1119 3962 1179 4023 661
1195 3949 1304 4008 161166
1320 3940 1486 4007 116661666
1502 3943 1542 4006 (16
1558 3940 1705 4022 qualibet
1720 3960 1833 4007 marca

169 4051 351 4117 secundum
381 4068 490 4117 161116
521 4066 654 4114 666166
684 4046 889 4113 1616616666
921 4048 1066 4114 debitam
1094 4048 1282 4115 contribuet
1306 4046 1475 4114 denarium
1498 4067 1598 4113 unum
1620 4048 1734 4115 levem.
1782 4048 1833 4114 De

168 4154 389 4223 mercimoniis
420 4174 480 4238 per
503 4172 607 4235 aquas
631 4153 829 4220 deducendis
853 4153 1109 4236 quibuscumque
1133 4153 1344 4223 estimacione
1368 4153 1465 4220 slmili
1488 4157 1528 4220 de
1551 4174 1664 4221 marca
1687 4154 1833 4236 qualibet

168 4264 258 4329 idem
288 4266 393 4328 detur.
447 4261 498 4328 De
527 4258 734 4328 vendendisb
765 4260 863 4327 61166
894 4260 1000 4342 equis,
1032 4261 1205 4343 pecoribus
1236 4269 1270 4327 61
1301 4260 1495 4343 pecudibus,
1527 4280 1590 4342 que
1620 4280 1679 4343 per
1710 4268 1832 4328 161166

169 4372 347 4451 ducuntur,
372 4367 547 4435 taxacione
572 4366 668 4433 simili
692 4371 788 4433 detur
811 4366 906 4433 idem.
946 4368 1004 4434 Set
1020 4375 1054 4434 et
1070 4376 1234 4434 terrarum
1250 4368 1365 4447 incole,
1391 4387 1453 4449 que
1469 4370 1509 4433 de
1526 4367 1668 4449 propriis
1684 4368 1832 4434 domibus

168 4477 205 4543 in
233 4473 342 4542 16166
365 4474 520 4541 66166116
543 4494 604 4539 666
626 4474 811 4540 huiusmodi
834 4474 989 4541 duxerint
1012 4478 1055 4541 611
1078 4477 1294 4556 vendendum,
1319 4473 1419 4539 nichil
1441 4474 1573 4556 penitus
1594 4473 1671 4540 inde
1695 4476 1830 4541 dabunt.

168 4584 244 4669 (18)
268 4584 362 4667 Quod
385 4582 413 4647 si
437 4580 614 4664 contigerit
638 4580 778 4662 aliquem
802 4581 947 4664 spoliari,
974 4582 1029 4665 qui
1052 4585 1191 4648 dederat
1215 4580 1488 4648 contributionem
1507 4580 1691 4647 huiusmodi
1706 4588 1740 4647 et
1756 4601 1832 4648 con-

169 4688 299 4756 stiterit
328 4708 399 4754 eum
422 4687 561 4769 dedisse,
586 4686 615 4752 is
638 4686 886 4768 indempnitatis
911 4708 967 4754 sue
992 4695 1178 4771 respectum
1202 4687 1337 4754 babebit
1361 4690 1402 4753 ad
1428 4688 1590 4754 (1661666
1614 4688 1832 4770 archiepisco-

169 4816 260 4880 pum,
286 4795 411 4861 nobiles
436 4814 475 4861 66
492 4793 647 4861 611116166
663 4791 823 4875 prelatas.
864 4794 934 4879 (19)
951 4795 990 4860 16
1008 4793 1146 4878 singulis
1162 4803 1272 4860 autern
1289 4793 1482 4861 civitatibus
1497 4801 1531 4859 et
1547 4793 1653 4877 opidis
1669 4794 1832 4879 eligentur

169 4908 237 4969 duo
267 4902 332 4969 viri
360 4902 423 4968 fide
454 4899 554 4985 digni,
580 4900 635 4983 qui
663 4900 765 4966 iurati
795 4901 1013 4968 obvenciones
1041 4900 1225 4967 huiusmodi
1246 4900 1388 4967 fideliter
1411 4900 1568 4984 colligant
1592 4908 1625 4967 61
1648 4909 1830 4985 reservent,

168 5010 254 5079 nulli
284 5009 414 5091 penitus
445 5008 674 5091 permittentes
704 5006 901 5073 facultatem
929 5008 1070 5089 aliquam
1095 5007 1269 5074 ordinandi
1292 5010 1331 5074 de
1355 5008 1446 5090 ipsis
1471 5008 1636 5073 616166116
1660 5011 1833 5075 dumtaxat

169 5116 266 5201 pacis
290 5114 521 5182 executoribus
545 5113 755 5198 supradictis,
781 5114 837 5195 qui
861 5118 1039 5181 secundum
1063 5122 1435 5195 61616666166661116,
1462 5117 1675 5196 dampnorum
1694 5112 1832 5181 611166-

169 5232 323 5291 turarum
353 5226 392 5289 de
424 5221 471 5288 sic
502 5220 648 5287 collectis
677 5220 837 5287 ulcionem
868 5228 901 5287 et
931 5221 1111 5288 vindictam
1142 5229 1259 5288 contra
1288 5221 1380 5304 pacis
1412 5220 1602 5303 violatores,
1634 5220 1771 5289 consilia
1798 5229 1832 5287 61

169 5328 297 5399 auxilia
319 5330 564 5410 instaurabunt,
590 5327 676 5394 sicut
700 5326 746 5393 eis
771 5327 998 5411 principaliter
1022 5328 1189 5396 videbitur
1213 5327 1376 5410 6116611116.
1423 5327 1493 5412 (20)
1517 5327 1620 5392 Iidem
1643 5326 1747 5393 eciam
1765 5327 1832 5393 col-

168 5439 314 5503 lectores
337 5435 572 5503 obvencionum
596 5434 732 5500 istarum
757 5434 839 5500 nulli
861 5437 901 5500 de
925 5434 1069 5517 receptis
1087 5434 1271 5501 huiusmodi
1287 5436 1486 5500 tenebuntur
1501 5435 1638 5499 reddere
1654 5432 1829 5516 racionem,

170 5552 225 5611 set
255 5562 355 5625 super
384 5542 432 5609 eis
462 5540 654 5623 simpliciter
685 5544 838 5607 credetur
869 5560 979 5607 eorum
1009 5542 1204 5624 iuramento,
1228 5541 1305 5607 fidei
1335 5548 1369 5607 61
1398 5540 1524 5607 honori.
1575 5539 1656 5605 Post
1685 5539 1831 5624 singulos

442 5796 467 5838 ι)
482 5792 589 5841 ‚torrw¹
604 5788 712 5831 Relmer.
733 5788 757 5841 b)
771 5787 909 5831 Verdeucert
922 5801 968 5832 uua
983 5788 1116 5840 ,vandum-
1130 5788 1237 5832 Retmer.
