4400 6384
390 360 458 427 450
1082 354 1153 410 1306
1171 353 1294 409 Febrnar
1314 353 1355 408 13.

391 555 569 636 66616116,
593 552 750 622 videlicet
772 552 876 634 primo
899 551 933 616 in
957 570 1072 634 campo
1095 551 1190 616 iuxta
1214 549 1318 616 tiliam
1340 569 1457 616 uersus
1472 548 1693 616 Zrilvesheim
1716 567 1815 614 unum
1837 547 1933 631 inger
1956 547 2040 614 iuxta

393 662 521 731 vineam
545 659 711 729 Gcrhardi
734 658 814 724 dicti
830 658 929 726 Gasti
951 657 1107 741 armigeri
1130 663 1164 723 et
1187 656 1297 740 tangit
1319 675 1385 723 nno
1408 656 1472 722 fine
1495 655 1592 736 viam,
1617 675 1680 736 que
1703 654 1823 720 dicitur
1838 654 2038 738 Hosterueg,

391 769 470 835 item
493 767 560 834 tria
579 766 745 849 quartalia
761 765 912 848 superius
928 770 962 831 61
978 771 1121 849 tangunt
1137 783 1201 830 uno
1217 764 1281 830 166
1297 762 1384 832 viam
1400 762 1592 845 predictam,
1617 762 1694 829 item
1711 761 1805 845 inger
1821 767 1855 827 et
1870 761 2038 843 dimidium,

392 894 455 956 que
485 879 660 940 transeunt
688 872 775 941 viam
798 872 997 955 Hosterweg
1019 870 1205 953 predictam
1228 877 1262 936 et
1286 876 1429 954 tangunt
1452 889 1516 935 uno
1539 870 1603 935 166
1627 869 1757 936 vineam
1780 868 1948 937 Gerhardi
1972 869 2040 934 dicti

392 983 478 1050 (last
509 979 660 1062 predicti,
684 979 764 1045 item
792 997 892 1045 unum
921 978 1016 1061 inger
1037 975 1128 1043 16166
1151 976 1248 1059 mam,
1274 996 1339 1058 qua
1361 975 1429 1043 itur
1451 978 1492 1042 de
1516 976 1692 1060 Maguntia
1714 995 1831 1042 versus
1854 975 2038 1058 Frideberg,

392 1087 487 1154 iuxta
517 1105 633 1170 agrum
663 1084 854 1152 Adelheidis
884 1085 999 1151 relicte
1021 1083 1205 1165 Wernheri,
1236 1083 1315 1150 item
1344 1082 1379 1148 in
1409 1085 1521 1149 eodem
1552 1102 1668 1164 campo
1698 1102 1798 1148 unum
1828 1081 1932 1165 inger,
1967 1085 2039 1162 quod

392 1192 515 1260 transit
547 1192 600 1258 die
628 1191 950 1258 Hinderstenlachen
984 1210 1086 1273 supra
1121 1193 1185 1257 dno
1219 1191 1335 1274 iugera
1368 1189 1562 1256 monasterii
1597 1194 1637 1256 de
1668 1191 1930 1270 Sohonenauwe,
1973 1187 2039 1254 item

392 1303 456 1366 166
485 1299 611 1383 iugera,
635 1318 698 1380 qne
728 1300 868 1365 tendunt
895 1317 931 1364 66
954 1317 1072 1364 versus
1095 1297 1223 1364 Rubem
1246 1297 1334 1363 Hart
1362 1296 1450 1362 inter
1479 1316 1578 1381 agros
1601 1295 1795 1363 monasterii
1818 1298 1858 1361 de
1882 1295 2038 1376 Raithers,

394 1407 473 1473 item
500 1405 568 1472 tria
597 1405 715 1489 iugera
745 1411 780 1472 et
810 1404 1075 1487 dimidiumque
1105 1403 1206 1470 etiam
1237 1409 1412 1470 transeunt
1443 1402 1494 1470 die
1517 1403 1843 1470 Hinderstenlachen
1867 1422 2040 1484 suprascr

393 1512 509 1596 iugera
537 1509 729 1577 monasterii
758 1513 800 1576 de
823 1509 988 1592 Reithers,
1012 1509 1091 1576 item
1122 1512 1185 1576 duo
1215 1509 1331 1594 iugera
1361 1529 1463 1592 supra
1491 1529 1646 1594 magnum
1675 1505 1838 1576 lassatum
1868 1508 1904 1574 in
1935 1529 2040 1590 campo

394 1620 435 1684 16
450 1617 636 1699 Soltzbach,
661 1637 724 1699 que
747 1617 850 1683 etiam
872 1615 1019 1683 attinent
1042 1634 1157 1698 campo
1182 1614 1382 1698 prescript03
1406 1615 1485 1681 item
1508 1614 1542 1681 in
1563 1615 1628 1682 6116
1645 1635 1760 1697 campo
1777 1634 1896 1682 versus
1911 1613 2040 1682 interius

393 1724 593 1808 Lyderbach
617 1727 680 1789 duo
703 1722 829 1808 ingero,
854 1742 917 1804 que
940 1729 1084 1805 tangunt
1106 1740 1171 1788 uno
1187 1722 1251 1788 166
1268 1721 1367 1804 viam,
1392 1741 1454 1803 que
1470 1721 1590 1787 dicitur
1606 1721 1949 1806 Zvilvesbeimerweg,
1973 1722 2040 1788 item

395 1829 562 1896 dimidium
583 1829 678 1913 inger
701 1847 817 1895 versus
840 1827 952 1895 villam
974 1828 1068 1894 iuxta
1092 1827 1257 1895 dimidium
1277 1828 1370 1912 inger
1387 1830 1491 1911 Gude,
1517 1827 1640 1895 sororis
1656 1828 1785 1895 Rukeri
1799 1828 1950 1911 predicti,
1973 1829 2041 1895 item

394 1955 495 2002 unum
524 1935 641 2019 inger·
665 1941 743 2001 ante
774 1937 814 2000 de
843 1935 1098 2018 Oberengassen
1128 1934 1222 2001 iuxta
1251 1935 1349 2018 61661,
1381 1955 1446 2017 qna
1475 1935 1543 2002 itur
1570 1935 1844 2017 Oizmanshoven,
1877 1935 1956 2002 item
1985 1934 2041 2002 tria

396 2042 563 2124 quartalia
585 2047 757 2125 pratorum
779 2040 874 2107 iuxta
896 2042 1047 2107 arborem
1070 2040 1193 2108 dictam
1209 2041 1372 2124 Pnlboim;
1398 2043 1476 2108 item
1499 2043 1534 2108 in
1558 2042 1661 2108 tercio
1679 2061 1793 2124 campo
1809 2041 1905 2108 iuxta
1920 2042 2041 2108 salicem

397 2169 515 2216 versus
535 2149 712 2230 Soltzpach
735 2147 878 2229 quinque
901 2147 1023 2230 virge,⁸
1052 2167 1114 2229 qne
1138 2155 1281 2232 tangunt
1296 2167 1360 2215 uno
1377 2149 1440 2215 flne
1456 2148 1545 2215 viam
1560 2149 1681 2215 dictam
1697 2150 1834 2232 Auweg,
1859 2147 1940 2215 item
1956 2167 2041 2214 unum

396 2255 501 2341 inger,
526 2257 613 2337 quod
636 2254 747 2338 tangit
769 2272 834 2320 uno
857 2253 921 2320 tine
944 2251 1108 2320 fossatum
1131 2252 1253 2320 dictum
1269 2256 1437 2339 Augrabe,
1461 2255 1538 2322 item
1563 2274 1662 2322 unum
1677 2255 1771 2340 inger
1787 2255 1911 2321 dictum
1927 2257 2042 2323 Graba-

397 2381 533 2447 morgen
562 2361 656 2428 iuxta
680 2359 906 2442 Grabewisen,
931 2359 1010 2426 item
1040 2379 1140 2428 unum
1169 2359 1264 2445 inger
1292 2361 1327 2427 in
1358 2364 1430 2429 dem
1453 2363 1568 2446 Dyche
1598 2361 1692 2428 iuxta
1723 2381 1838 2446 agrum
1861 2360 2042 2429 monasterii

397 2472 438 2535 16
461 2468 627 2548 Reithers,
650 2465 730 2533 item
752 2486 851 2532 unnm
874 2465 969 2551 inger
992 2466 1087 2532 iuxta
1111 2487 1225 2550 agrum
1250 2468 1375 2535 Mathie
1400 2467 1621 2556 pannicida(!)
1644 2470 1685 2534 de
1707 2466 1950 2550 Frankenlord,
1973 2467 2042 2533 item

397 2595 497 2642 unum
525 2574 620 2659 inger
650 2594 693 2640 an
724 2576 788 2639 den
811 2573 1106 2657 Camermorgenen
1136 2573 1231 2640 iuxta
1254 2595 1370 2659 agrum
1395 2575 1556 2643 Gotzonis
1579 2574 1691 2641 militis
1715 2577 1755 2640 de
1779 2574 1950 2659 Indaginc,
1973 2573 2042 2640 itcm

398 2685 462 2748 duo
491 2680 608 2765 ingero
637 2680 727 2746 11616
757 2679 1018 2763 Linscnmnrgen
1049 2678 1145 2746 iuxta
1167 2679 1361 2746 Heilwicnm
1393 2684 1433 2747 de
1456 2681 1663 2765 Lyderbach,
1689 2679 1766 2746 item
1795 2679 1891 2746 iuxta
1920 2680 2043 2746 salicem

398 2790 486 2870 apud
510 2785 635 2854 iontem
658 2785 824 2852 dimidium
846 2784 940 2870 inger
966 2783 1056 2851 inira
1079 2805 1196 2869 agrum
1218 2787 1652 2870 66666616611161161116666,
1677 2786 1756 2854 item
1772 2807 1872 2853 unum
1887 2785 2000 2871 inger*
2014 2793 2043 2851 ct

399 2893 652 2974 dimidiumque
668 2898 843 2958 transeunt
857 2911 1011 2976 magnum
1024 2889 1186 2958 fossatum
1203 2891 1237 2958 in
1255 2912 1369 2976 campo
1386 2896 1425 2959 de
1438 2893 1624 2976 Soltzpach.
1649 2893 1927 2977 Recognoscimns
1942 2893 2042 2972 etiam,

399 3019 459 3067 666
489 2999 700 3082 supradictas
729 2997 849 3082 viginti
877 3017 1007 3064 marcas
1036 2997 1144 3064 minus
1168 2999 1302 3066 dimidia
1324 3019 1437 3067 marca
1460 3007 1650 3067 numeratas
1674 2999 1838 3083 recepisse
1862 3000 2044 3066 61166666

399 3113 532 3174 nostros
562 3105 777 3173 convertisse.
825 3105 1046 3188 Resignnmns
1076 3105 1176 3172 etiam
1207 3112 1242 3172 et
1272 3105 1503 3174 renunciamus
1530 3107 1617 3173 omni
1640 3107 1706 3174 inri
1729 3127 1788 3173 seu
1811 3105 1941 3188 6611661,
1967 3109 2043 3188 quod

399 3214 453 3282 vel
477 3232 539 3294 que
562 3212 658 3279 nobis
681 3217 740 3278 aut
762 3209 937 3278 heredibus
953 3211 1076 3278 nostris
1091 3231 1191 3295 super
1206 3212 1390 3280 huiusmodi
1405 3217 1516 3280 decem
1532 3219 1566 3280 et
1582 3220 1656 3280 octo
1673 3213 1785 3280 solidis
1802 3214 2033 3281 coloniensium

401 3319 610 3387 denariorum
633 3337 751 3386 census
770 3317 922 3385 annualis
938 3324 1051 3401 posset
1067 3326 1252 3400 competere
1267 3319 1302 3385 in
1317 3317 1473 3386 futurum.
1522 3319 1714 3387 condictum
1730 3328 1782 3387 est
1797 3340 1932 3402 quoque,
1956 3321 2042 3401 qnod,

400 3428 669 3509 quandocumque
700 3443 759 3491 nos
790 3424 844 3493 vel
873 3424 979 3492 666161
1007 3426 1144 3492 heredes
1175 3425 1355 3494 successivi
1383 3425 1417 3492 in
1447 3426 1614 3493 solucione
1645 3425 1850 3509 prelatorum
1881 3430 1986 3492 decem
2016 3431 2045 3490 et

401 3539 475 3600 octo
499 3531 676 3599 solidorum
699 3530 908 3598 denariorum
931 3531 1137 3615 negligentes
1161 3551 1219 3598 suo
1244 3538 1390 3614 tempore
1413 3529 1572 3599 fuerimus
1589 3539 1647 3599 aut
1662 3533 1800 3614 remissi,
1825 3532 1896 3615 ipse
1911 3531 2045 3599 vicarius

401 3639 519 3706 altaris
548 3637 699 3722 predicti,
724 3638 780 3720 qni
810 3658 869 3721 pro
900 3644 1046 3720 tempore
1077 3636 1188 3718 luerit,
1212 3637 1333 3723 viginti
1362 3646 1488 3722 septem
1517 3639 1634 3724 iugera
1664 3640 1887 3723 proprietario
1914 3659 1934 3706 6
1959 3637 2045 3705 66116

401 3745 497 3812 tollet
526 3752 560 3812 et
590 3744 665 3812 aliis
694 3744 818 3812 locabit
841 3764 900 3827 pro
924 3744 1019 3810 libito
1044 3763 1102 3810 sue
1126 3744 1318 3826 voluntatis,
1344 3745 1608 3812 contradictione
1632 3746 1780 3828 qualibet
1803 3766 1869 3813 non
1892 3748 2044 3813 obstante.

404 3853 522 3919 Testes
552 3851 650 3918 huius
680 3858 775 3918 sunt:
806 3850 996 3917 Fridericns
1026 3849 1135 3916 dictus
1158 3849 1250 3934 nge
1279 3852 1470 3932 advocatus,
1496 3852 1717 3919 Theodericus
1742 3850 1847 3935 labor,
1880 3851 2046 3919 Heilwicus

403 3959 537 4025 colonus
566 3957 759 4025 monasterii
788 3960 829 4024 de
852 3956 1018 4039 Reithers‚
1047 3956 1211 4023 Henricns
1242 3955 1346 4040 labor,
1371 3957 1587 4025 Baldemarns
1611 3959 1718 4025 dictus
1742 3958 1901 4044 Zengelin
1924 3958 2047 4025 colonus

403 4064 595 4132 monasterii
610 4067 650 4131 de
667 4065 922 4145 Sobonenanwe,
945 4063 1061 4146 Harpo
1077 4062 1223 4129 sororius
1240 4063 1376 4147 Rnkeri,
1394 4063 1522 4148 Wigelo
1537 4065 1638 4146 Petri,
1655 4065 1821 4132 Henricns
1836 4065 2008 4150 provignus
2015 4063 2046 4146 (1)

403 4169 504 4252 Petri,
527 4170 675 4253 Harpalo
692 4169 933 4253 campanarius,
955 4169 1073 4253 Sypelo
1090 4169 1176 4236 filius
1193 4170 1406 4252 campanarii,
1430 4170 1646 4238 Heilmannns
1663 4174 1702 4237 de
1719 4171 1876 4254 Eichene,
1893 4169 2048 4238 Henricns

404 4280 445 4343 16
467 4277 574 4344 Soden
597 4284 632 4342 61
647 4277 818 4343 Cnnradus
842 4275 950 4342 dictus
965 4275 1097 4344 Hubvel
1121 4278 1161 4343 de
1178 4277 1363 4357 Soltzpanh.
1412 4277 1452 4342 In
1475 4296 1611 4359 qnorum
1634 4277 1775 4344 omnium
1800 4285 1834 4344 et
1859 4277 2048 4363 singulorum

404 4382 625 4450 testimonium
648 4389 820 4464 presentes
844 4382 974 4449 litteras
998 4382 1105 4466 sigillo
1130 4383 1249 4450 nobilis
1272 4383 1336 4450 viri
1360 4383 1481 4450 domini
1504 4381 1618 4450 Silridi
1640 4386 1680 4450 de
1696 4383 1913 4467 Eppenstein,
1937 4379 2048 4450 domini

405 4488 440 4555 16
464 4489 556 4556 66166
579 4487 807 4556 iurisdictione
830 4495 864 4554 et
887 4488 1055 4555 territorio
1080 4489 1309 4572 suprascripta
1331 4489 1447 4574 iugera
1471 4496 1548 4557 snut
1562 4489 1639 4572 sita,
1665 4491 1841 4572 petivimus
1858 4487 2046 4558 communiri.

403 4595 451 4662 Et
479 4616 540 4662 nos
566 4593 707 4662 Siiridns
738 4594 887 4661 dominus
917 4598 958 4661 de
981 4593 1185 4677 Eppenstein
1215 4594 1382 4677 predictus
1405 4598 1448 4661 ad
1472 4602 1623 4680 rogatum
1647 4594 1774 4663 Rnkeri
1797 4599 1838 4663 de
1861 4594 2047 4680 Lyderbach

404 4710 439 4769 et
461 4701 662 4782 Ademeiois,
687 4700 799 4768 uxoris
830 4721 898 4782 sue,
923 4700 1145 4784 predictorum
1172 4699 1314 4783 sigillum
1337 4706 1482 4767 nostrum
1508 4701 1717 4784 presentibus
1740 4703 1886 4786 appendi
1905 4701 2049 4769 iussimus

403 4809 437 4876 in
461 4809 682 4876 testimoninm
705 4807 847 4875 omnium
863 4807 1104 4890 premissorum.
1151 4807 1275 4873 Datum
1291 4827 1376 4873 anno
1394 4807 1514 4874 domini
1528 4807 1697 4876 millesimo
1715 4808 2048 4876 161666166166666616,

404 4915 438 4982 in
463 4915 626 4982 dominica
649 4915 731 4981 Esto
755 4913 862 4981 michi.

620 5039 667 5094 Or.
682 5039 769 5109 Ppmt.
807 5038 869 5093 Dua
887 5038 1062 5106 Reitcraiepel
1082 5036 1234 5106 Siepsrieds
1252 5054 1305 5092 oon
1324 5037 1463 5107 Eppuleiae
1480 5038 1566 5109 bc'tnpt
1585 5055 1623 5093 aa
1641 5039 1841 5108 pranseidcnen
1854 5039 1988 5096 sannen
2006 5053 2048 5090 as.

672 5127 760 5184 661.
775 5127 827 5182 Fr.
842 5128 942 5182 Barth.
955 5127 995 5182 St.
1010 5127 1063 5181 No.
1078 5129 1157 5181 1294.

619 5217 734 5288 chcat:
753 5215 850 5283 Sacer,
869 5214 912 5285 1⁸,
931 5219 1118 5285 63,rn1307
1137 5215 1220 5270 Febr.
1234 5217 1259 5270 5.

405 5423 497 5499 873.
521 5431 584 5498 Die
607 5432 738 5497 Brridcr
760 5431 930 5496 Kalmnna
952 5431 1019 5495 und
1041 5430 1216 5508 Johnnnes,
1241 5429 1343 5495 Enlel
1366 5430 1420 5495 des
1436 5429 1564 5512 Rndolf
1585 5453 1645 5496 666
1662 5431 1843 5516 Griinberp,
1867 5425 2052 5494 6616666116

520 5538 635 5620 Hdlftc
650 5542 733 5603 eines
748 5538 875 5603 Hauses
891 5542 926 5602 in
941 5537 997 5602 ‹lc-r
1008 5538 1194 5622 Sandpnsse
1210 5537 1275 5600 und
1293 5535 1355 5607 1¹lr
1371 5535 1507 5622 Morpen
1520 5537 1720 5622 Weinpdrtcn
1736 5541 1769 5601 in
1785 5537 1842 5602 der
1855 5533 2053 5615 Gcrnnrlru-ng

521 5667 583 5709 666
611 5645 712 5724 Hoia,
743 5645 855 5710 6661616
884 5646 970 5710 beate
999 5649 1080 5708 61661
1109 5645 1176 5708 ihre
1208 5643 1407 5709 Grosseltern
1436 5643 1565 5727 Rndols
1591 5644 1658 5708 und
1690 5642 1800 5710 Gtsela
1830 5641 1896 5708 dero
1922 5637 2053 5705 noster

673 5801 699 5853 ι)
718 5798 793 5843 Ueber
806 5799 897 5843 116666.
