4400 6384
906 307 974 361 1292
993 305 1051 362 loli
1071 307 1113 362 10.
1772 313 1837 380 301

180 499 272 576 614.
295 506 456 591 Magister
478 504 606 586 Daniel,
631 503 760 571 Κακίαν
788 527 832 572 ore
861 507 917 571 cler
939 507 1264 590 sacrasanctam
1285 530 1327 572 ca
1350 507 1475 588 Maiae,
1499 510 1683 575 entschcidct
1706 513 1756 577 als
1779 535 1839 578 coa

296 617 366 680 deva
381 614 532 679 Malacae
546 613 742 695 Erebisclcof
763 618 931 678 maenala·
946 613 1075 678 Riclrier
1097 615 1157 679 den
1179 616 1335 680 sciscam
1357 616 1426 680 clem
1441 617 1619 682 crwdlrmcn
1634 618 1838 704 Erebisclcof,

295 725 365 788 elem
380 721 599 804 Frarclcscrlcr
614 720 825 802 Slislshopilcl
847 721 914 786 read
936 722 1005 786 cleon
1028 743 1206 805 percescnea
1221 723 1453 787 Selialtlreiesea
1468 724 1623 789 Heinrich
1640 727 1838 794 beslchcndrrc

294 830 507 908 Reclutsstrcil,
532 829 609 892 iiber
637 829 697 892 elea
720 827 865 892 Ncanlea
894 829 960 892 aad
984 828 1121 893 chmtmr
1150 850 1211 893 coa
1239 830 1299 893 dcc
1320 852 1362 894 co
1384 831 1455 894 derra
1476 831 1564 913 llosc
1585 833 1640 897 des
1661 843 1838 918 cameratam

296 937 451 1001 Heinrich
474 936 643 1020 pelei-ripen
666 935 732 1000 read
748 957 803 1000 cor
818 936 888 1000 dccc
903 935 1105 1001 Reiclcsrcald
1120 935 1269 1001 Drabicb
1283 938 1448 1021 pelopeaen
1462 938 1611 1020 Feldern,
1635 963 1676 1005 aa
1694 943 1838 1010 Grrcstca

293 1045 349 1109 cles
372 1042 591 1124 Frochsarlcr
614 1042 850 1124 Stiflslcopilcla
898 1043 1023 1123 Maiae,
1049 1049 1139 1108 1292
1160 1045 1233 1108 Jalc'
1256 1051 1308 1110 10.

286 1169 326 1234 In
358 1167 487 1234 nomine
520 1167 653 1248 domini,
692 1186 795 1232 amen.
854 1167 1015 1250 Magister
1048 1168 1180 1250 Daniel,
1220 1174 1336 1235 cantor
1369 1169 1506 1235 ecclesie
1538 1171 1647 1237 sancti
1678 1174 1837 1256 Stephani

178 1275 376 1360 Maguntini,
406 1275 504 1341 iudex
529 1294 549 1340 a
572 1277 753 1342 reverendo
781 1281 886 1358 patre,
912 1275 1040 1342 domino
1064 1276 1142 1342 Ger.
1166 1275 1411 1358 archiepiscopo
1435 1277 1641 1360 Maguntino,
1665 1279 1700 1345 in
1724 1300 1834 1365 causa,

178 1403 240 1464 que
272 1402 370 1464 super
389 1381 413 1456 ll
431 1381 564 1447 decimis
596 1388 629 1447 et
659 1381 762 1463 nonis
787 1381 821 1448 in
851 1381 968 1462 quibus
999 1388 1066 1448 tam
1097 1381 1182 1447 idem
1212 1383 1361 1458 dominus
1385 1383 1660 1468 archiepiscopus
1685 1408 1783 1468 quam
1802 1443 1833 1456 ..

178 1494 323 1556 decanus
346 1496 380 1554 et
405 1489 585 1570 capitulum
608 1488 745 1554 ecclesie
770 1487 1101 1570 Frankeniordensis
1128 1510 1254 1555 necnon
1278 1490 1463 1573 Heinricus,
1489 1496 1652 1572 quondam
1675 1497 1836 1563 scultetus

179 1595 511 1677 Frankenlordensis,
536 1596 587 1661 ius
611 1597 732 1662 habere
748 1594 771 1668 ll
786 1599 997 1679 contendunt,
1024 1596 1175 1678 vertitur,
1197 1599 1385 1678 deputatus,
1403 1597 1645 1680 inspectoribus
1660 1602 1834 1686 universis

178 1705 317 1770 salutem
348 1703 381 1768 in
413 1703 550 1769 domino.
598 1702 775 1785 Noveritis,
800 1721 850 1768 me
882 1709 1048 1769 cantorem
1073 1703 1256 1785 predictum
1280 1704 1354 1769 olim
1378 1706 1550 1772 reverendi
1574 1707 1690 1790 patrie,
1716 1711 1837 1777 domini

177 1813 267 1890 Ger,
293 1807 531 1892 archiepiscopi
554 1809 750 1892 Mogontini,
771 1809 794 1883 ll
812 1810 976 1892 recepisse
1007 1810 1166 1893 speciales
1196 1811 1328 1877 litteras
1359 1815 1419 1878 sub
1450 1814 1513 1879 hac
1536 1812 1656 1882 iorma:
1682 1818 1760 1883 Ger.
1783 1819 1837 1885 dei

176 1917 293 2000 grama
317 1925 379 1982 etc.
427 1918 573 2001 Quarum
602 1916 788 1982 litterarum
820 1917 1020 1984 auctoritate
1051 1921 1093 1984 ad
1125 1917 1279 2000 oppidum
1302 1918 1615 1987 Frankeniordense
1644 1922 1677 1987 in
1704 1925 1836 2006 propria

177 2044 320 2105 persona
350 2026 509 2090 accedens
534 2030 577 2104 et,
597 2077 602 2088 .
623 2076 629 2088 .
648 2027 771 2089 decano
796 2031 830 2089 et
854 2024 997 2107 capitulo
1022 2025 1158 2090 ecclesie
1182 2024 1514 2109 FrankeniordensiS,
1541 2046 1666 2095 necnon
1688 2031 1742 2110 Η.,
1760 2032 1835 2099 olim

176 2131 319 2196 sculteto
349 2130 478 2212 ibidem,
505 2133 547 2197 ad
577 2151 680 2197 meam
712 2131 915 2214 presenciam
947 2132 1104 2215 evocatis
1137 2134 1179 2198 ab
1210 2131 1331 2198 eisdem
1361 2133 1513 2215 partibus
1543 2155 1652 2201 coram
1675 2157 1726 2204 me
1750 2159 1836 2205 com-

176 2237 370 2319 parentibus
394 2237 561 2320 requisivi,
586 2237 615 2303 si
637 2238 670 2304 in
695 2239 842 2321 predicto
862 2240 997 2323 negocio
1019 2239 1141 2306 vellent
1165 2243 1342 2322 procedere
1357 2240 1451 2306 iuxta
1467 2242 1657 2323 premissam
1675 2246 1833 2313 traditam

174 2344 273 2410 michi
297 2343 444 2427 iormam,
469 2345 540 2426 ipso
566 2353 673 2411 autem
698 2346 739 2410 H.
758 2346 855 2426 plane
871 2353 905 2412 et
921 2345 1113 2428 simpliciter
1128 2349 1356 2428 respondente,
1382 2351 1467 2429 quod
1484 2368 1555 2414 cum
1571 2370 1635 2432 ree,
1660 2353 1833 2434 dequibus

175 2457 226 2516 est
251 2451 388 2535 questio,
413 2471 434 2518 a
457 2448 604 2534 predicto
630 2452 757 2517 domino
776 2505 782 2516 .
803 2507 808 2516 .
827 2453 1072 2535 archiepiscopo
1089 2461 1123 2520 et
1140 2474 1160 2520 a
1175 2474 1234 2520 suo
1250 2459 1482 2537 predecessore
1498 2455 1532 2521 in
1549 2455 1678 2524 feodum
1696 2466 1833 2544 teneret,

174 2578 240 2624 non
264 2579 374 2624 coram
398 2579 458 2640 me,
483 2561 540 2624 sed
565 2578 675 2625 coram
698 2558 770 2641 ipso
794 2560 893 2628 vellet
918 2559 1165 2643 archiepiscopo
1188 2565 1397 2644 respondere,
1422 2570 1456 2628 et
1479 2563 1560 2645 ipso,
1586 2565 1708 2632 talibus
1724 2569 1834 2634 verbis

175 2665 313 2748 emissis,
342 2685 435 2732 ame
465 2669 640 2732 recedente
670 2686 730 2732 nec
760 2669 937 2748 procedere
968 2667 1109 2749 volente,
1141 2672 1182 2733 ad
1212 2668 1409 2734 instanciam
1433 2671 1604 2736 ..decani
1633 2679 1668 2738 et
1699 2674 1835 2756 capituli

175 2772 397 2853 predictorum
420 2772 611 2854 petentium,
636 2772 728 2838 utin
754 2772 889 2856 negocio
914 2776 1124 2855 procederem
1147 2774 1241 2840 iuxta
1260 2775 1417 2841 traditam
1432 2776 1530 2842 michi
1546 2775 1694 2859 formam,
1719 2787 1832 2864 testes,

175 2899 257 2959 quos
280 2878 401 2945 iidem.
423 2933 428 2945 .
448 2882 591 2945 decanus
616 2887 650 2945 et
674 2879 851 2961 capitulum
877 2900 976 2962 super
1000 2900 1060 2946 sua
1082 2881 1265 2947 intentione
1284 2880 1455 2949 fundanda
1471 2887 1651 2965 producere
1667 2887 1832 2969 volebant,

174 2985 295 3068 recepi,
310 2985 486 3069 diligenter
501 2985 688 3052 examinavi
703 2985 797 3052 iuxta
812 2984 951 3052 formam
967 2987 1257 3054 examinandorum
1274 2989 1407 3054 testium
1423 2990 1567 3056 debitam
1583 2999 1617 3057 et
1633 3000 1832 3070 consuetam,

173 3091 396 3158 instrumenta
424 3111 550 3173 quoque
574 3091 808 3175 imperatorum
831 3099 865 3158 et
888 3113 1001 3176 regum
1026 3095 1257 3176 Romanorum,
1282 3095 1398 3177 quibus
1422 3095 1572 3163 similiter
1595 3098 1644 3164 uti
1666 3101 1831 3184 volebant,

175 3197 209 3263 in
234 3199 321 3280 stilo,
346 3199 399 3264 filo
424 3218 463 3265 ac
478 3199 570 3265 bulla
585 3199 723 3280 inspexi,
749 3199 934 3266 examinavi
950 3207 984 3266 et
1000 3201 1180 3284 exemplari
1196 3201 1277 3267 iussi
1294 3202 1379 3268 omni
1397 3201 1577 3286 diligentia,
1603 3226 1669 3286 qua
1684 3214 1833 3288 poteram

173 3311 208 3370 et
231 3305 401 3389 debebam,
427 3326 489 3387 que
512 3305 622 3373 omnia
645 3313 679 3372 et
702 3306 832 3389 singula
854 3306 888 3372 in
914 3307 1046 3390 scriptis
1068 3310 1206 3375 redacta
1221 3315 1253 3374 et
1270 3329 1340 3374 meo
1357 3309 1465 3392 sigillo
1481 3311 1622 3378 fideliter
1637 3314 1834 3397 consignata

173 3411 366 3494 supradicto
397 3413 526 3480 domino
557 3415 646 3496 Ger,
679 3413 924 3496 archiepiscopo
955 3414 1160 3498 hlaguntino,
1192 3414 1286 3481 iuxta
1316 3436 1449 3482 suarum
1479 3415 1618 3484 formam
1647 3419 1834 3488 litterarum

174 3519 296 3585 remisi.
356 3521 435 3585 Cum
468 3525 578 3586 autem
611 3519 695 3586 idem
728 3527 825 3602 pater
858 3528 891 3587 et
922 3521 1071 3587 dominus
1105 3522 1370 3606 archiepiscopus
1402 3525 1486 3589 bone
1519 3525 1671 3592 memorie
1704 3529 1832 3596 domino

173 3627 382 3706 Gebehardo,
415 3629 538 3693 decano
569 3627 776 3710 Magantino,
801 3634 835 3693 et
865 3628 962 3694 michi
991 3629 1174 3710 predictum
1205 3629 1374 3712 negocium
1405 3631 1640 3713 expediendum
1670 3634 1833 3701 remiserit

172 3735 234 3798 sub
266 3733 329 3798 hac
359 3731 483 3801 torma:
509 3735 586 3801 Ger.
610 3733 662 3799 dei
692 3734 806 3818 guamo
830 3741 903 3817 etc,
929 3755 988 3802 nos
1012 3735 1178 3802 mandatis
1201 3736 1305 3818 ipsius
1330 3737 1462 3803 obedire
1485 3738 1634 3806 volentes
1657 3741 1774 3808 merito
1799 3750 1833 3808 et

172 3842 341 3922 debentes
367 3841 602 3923 prenominatis
619 3841 768 3923 partibus
784 3861 887 3922 usque
903 3841 937 3907 in
954 3842 1135 3932 crastinum
1150 3842 1342 3909 Animarum
1358 3847 1400 3910 ad
1417 3844 1612 3911 audiendam
1628 3847 1832 3916 diffinitivam

172 3947 371 4014 sententiam
406 3951 448 4014 ad
481 3954 627 4013 nostram
661 3948 860 4030 presentiam
893 3950 1051 4033 evocatis,
1085 3970 1125 4016 ac
1157 3950 1190 4015 in
1223 3952 1336 4016 eodem
1366 3951 1513 4018 crastino
1544 3972 1655 4019 coram
1684 3955 1779 4021 nobis
1798 4009 1829 4021 ..

172 4055 300 4120 sindico
334 4054 612 4136 predictorum..
637 4054 753 4120 decani
785 4062 819 4121 et
852 4055 988 4136 capituli
1021 4064 1232 4139 comparente
1265 4063 1299 4122 et
1331 4057 1529 4124 sententiam
1562 4080 1634 4125 cum
1665 4060 1833 4129 instancia

173 4158 316 4244 proferri
336 4169 479 4244 petente,
504 4164 545 4227 ad
562 4165 752 4228 mandatum
770 4161 911 4244 predicti
927 4161 1049 4229 domini
1065 4163 1304 4246 archiepiscopi
1319 4166 1508 4249 Mogontini
1523 4167 1616 4233 nobis
1633 4170 1832 4235 verbotenus

171 4275 253 4333 tune
277 4269 436 4333 directum
461 4267 688 4334 recitationem
713 4269 875 4334 sententie
892 4289 993 4350 nsque
1011 4269 1044 4336 in
1061 4271 1210 4351 quintam
1226 4270 1343 4337 teriam
1359 4279 1435 4354 post
1451 4272 1571 4339 testum
1588 4274 1678 4340 beati
1692 4277 1832 4342 Martini

171 4395 212 4440 ex
238 4374 342 4441 officio
366 4382 479 4441 nostro
496 4377 556 4440 sub
579 4395 637 4457 spe
654 4375 745 4457 pacis
762 4383 796 4442 et
812 4375 984 4442 concordie
1000 4377 1106 4442 medio
1124 4384 1270 4459 tempore
1287 4384 1515 4461 attemptanda
1531 4381 1680 4447 duximus
1695 4401 1832 4464 suspen-

171 4485 322 4548 dendam.
363 4483 441 4547 Cum
465 4488 575 4548 autem
599 4484 659 4548 sub
683 4483 745 4548 hac
769 4502 827 4564 spe
851 4483 943 4565 pacis
967 4490 1000 4549 et
1024 4484 1197 4550 concordie
1221 4485 1390 4569 negocium
1415 4507 1474 4569 per
1498 4487 1621 4568 aliquot
1645 4495 1772 4571 tempus
1796 4491 1829 4556 in

171 4608 332 4670 suspenso
356 4595 514 4670 maneret,
539 4591 644 4654 denuo
669 4591 711 4655 ab
736 4592 847 4655 eodem
871 4591 1000 4657 domino
1025 4597 1138 4658 nostro
1163 4593 1410 4676 arcldepiscopo
1427 4594 1515 4660 aliud
1532 4594 1625 4660 nobis
1641 4599 1830 4663 mandatum

171 4697 335 4762 directum
359 4694 472 4760 extitit
495 4697 554 4760 sub
578 4697 641 4762 hac
664 4693 787 4762 forma:
814 4699 892 4765 Ger.
915 4698 969 4763 dei
992 4699 1109 4782 gracia
1132 4706 1194 4765 etc.
1242 4701 1309 4766 Nos
1332 4699 1435 4784 igitur
1457 4701 1551 4767 iuxta
1571 4699 1708 4768 formam
1725 4702 1831 4785 ipsius

170 4802 323 4869 mandati
360 4801 455 4868 finem
494 4802 661 4884 imponere
699 4803 837 4887 negocio
876 4805 1063 4888 cupientes,
1104 4804 1273 4888 sepefatas
1311 4814 1426 4888 partes
1456 4827 1558 4888 usque
1589 4807 1624 4873 in
1655 4812 1831 4875 secundam

169 4908 291 4976 leriam
322 4915 398 4991 post
425 4908 629 4990 dominicam,
655 4928 721 4990 qua
748 4917 904 4976 cantatur
926 4912 1157 4978 Misericordia
1187 4913 1317 4994 domini,
1342 4917 1384 4980 ad
1408 4914 1604 4981 audiendum
1628 4913 1830 4983 diffinitivam

170 5015 371 5083 sententiam
395 5014 532 5082 fecimus
555 5016 696 5098 evocari,
721 5016 755 5082 in
771 5036 837 5098 qua
852 5017 980 5099 quidem
997 5023 1142 5086 secunda
1157 5018 1253 5101 feria,
1271 5020 1422 5102 partibus
1439 5041 1549 5088 coram
1564 5041 1615 5086 me
1633 5074 1639 5087 .
1659 5073 1665 5085 .
1683 5027 1828 5103 cantore,

171 5121 305 5206 prelato
323 5175 329 5187 .
349 5174 355 5187 .
373 5126 496 5189 decano
521 5124 668 5201 absente,
694 5124 968 5208 comparentibus,
994 5134 1131 5209 propter
1154 5127 1260 5209 ipsius
1281 5181 1287 5191 .
1307 5180 1313 5192 .
1331 5128 1449 5193 decani
1472 5128 1660 5194 absenciam
1678 5128 1829 5208 usquein

169 5229 322 5312 quintam
345 5227 463 5296 feriam
487 5237 561 5312 post
582 5227 703 5296 festum
718 5232 891 5297 beatorum
906 5232 1053 5315 Philippi
1068 5240 1103 5299 et
1118 5234 1142 5300 J
1143 5233 1240 5299 acobi
1255 5233 1478 5314 apostolorum
1501 5235 1649 5317 predicte
1666 5234 1830 5299 sententie

169 5335 391 5420 prolationem
431 5336 596 5418 suspendi.
661 5337 708 5402 Et
749 5338 828 5419 quia
861 5339 965 5405 medio
1001 5347 1147 5422 tempore
1181 5339 1401 5422 prenominati
1432 5341 1556 5407 domini
1588 5339 1831 5423 archiepiscopi

169 5443 304 5510 litteras
336 5445 396 5509 sub
429 5443 491 5508 hac
524 5442 631 5509 forma
661 5444 790 5526 recepi:
824 5445 1016 5511 Gerlrardus
1046 5447 1101 5512 dei
1130 5446 1246 5530 gracia
1276 5454 1350 5529 etc,
1382 5447 1490 5513 dictas
1521 5456 1633 5530 partes
1663 5467 1766 5529 usque
1796 5447 1830 5513 in

169 5549 311 5618 terciam
341 5548 460 5616 feriam
491 5555 565 5632 post
589 5557 742 5617 octavam
766 5551 943 5618 Trinitatis
968 5555 1009 5618 ad
1034 5553 1232 5620 audiendum
1255 5554 1463 5637 diffinitivam
1488 5555 1686 5622 sententiam
1710 5554 1830 5620 iterum

168 5656 320 5738 evocavi,
345 5657 381 5722 in
404 5677 469 5739 qna
492 5655 621 5738 quidem
645 5657 752 5723 tercia
774 5655 870 5740 teria,
895 5658 975 5740 ipsis
999 5659 1152 5742 partibus
1176 5680 1287 5728 coram
1309 5681 1360 5727 me
1384 5661 1660 5744 comparentibus
1678 5659 1829 5743 prefatus

167 5765 225 5846 H.,
251 5762 328 5829 olim
359 5763 529 5847 scultetus,
555 5763 727 5844 proposuit
756 5770 791 5830 et
821 5765 950 5848 petivit,
976 5769 1061 5847 quod
1092 5785 1165 5832 cum
1195 5768 1365 5850 predictus
1388 5766 1537 5834 dominus
1561 5767 1829 5851 archiepiscopus
