<?xml version="1.0" encoding="UTF-8"?>
<!DOCTYPE html PUBLIC "-//W3C//DTD XHTML 1.0 Transitional//EN"
    "http://www.w3.org/TR/xhtml1/DTD/xhtml1-transitional.dtd">
<html xmlns="http://www.w3.org/1999/xhtml" xml:lang="en" lang="en">
 <head>
  <title>
</title>
<meta http-equiv="Content-Type" content="text/html;charset=utf-8" />
  <meta name='ocr-system' content='tesseract 3.04.00' />
  <meta name='ocr-capabilities' content='ocr_page ocr_carea ocr_par ocr_line ocrx_word'/>
</head>
<body>
  <div class='ocr_page' id='page_1' title='image "./codexdiplomatic00nathgoog_0178.png"; bbox 0 0 4400 6384; ppageno 0'>
   <div class='ocr_carea' id='block_1_1' title="bbox 1146 268 1224 341">
    <p class='ocr_par' dir='ltr' id='par_1_1' title="bbox 1146 268 1224 341">
     <span class='ocr_line' id='line_1_1' title="bbox 1146 268 1224 341; baseline 0.013 -19"><span class='ocrx_word' id='word_1_1' title='bbox 1146 268 1224 341; x_wconf 77' lang='lat'><strong>12⁷3-</strong></span> 
     </span>
    </p>
   </div>
   <div class='ocr_carea' id='block_1_2' title="bbox 568 460 2014 1069">
    <p class='ocr_par' dir='ltr' id='par_1_2' title="bbox 568 460 2014 893">
     <span class='ocr_line' id='line_1_2' title="bbox 568 460 2012 537; baseline -0.006 -14"><span class='ocrx_word' id='word_1_2' title='bbox 568 466 711 531; x_wconf 76' lang='lat' dir='ltr'>Adrobrist</span> <span class='ocrx_word' id='word_1_3' title='bbox 728 467 765 519; x_wconf 87' lang='lat' dir='ltr'>im</span> <span class='ocrx_word' id='word_1_4' title='bbox 783 465 958 537; x_wconf 76' lang='lat' dir='ltr'>Kopialduclr</span> <span class='ocrx_word' id='word_1_5' title='bbox 976 465 1022 519; x_wconf 77' lang='lat' dir='ltr'>des</span> <span class='ocrx_word' id='word_1_6' title='bbox 1041 464 1137 518; x_wconf 76' lang='lat' dir='ltr'>Herm</span> <span class='ocrx_word' id='word_1_7' title='bbox 1149 464 1271 518; x_wconf 74' lang='lat' dir='ltr'>Korsoula</span> <span class='ocrx_word' id='word_1_8' title='bbox 1282 462 1386 517; x_wconf 71' lang='lat' dir='ltr'>Becker</span> <span class='ocrx_word' id='word_1_9' title='bbox 1402 462 1434 515; x_wconf 80' lang='lat' dir='ltr'>in</span> <span class='ocrx_word' id='word_1_10' title='bbox 1449 461 1630 529; x_wconf 65' lang='lat' dir='ltr'>(inlaborata,</span> <span class='ocrx_word' id='word_1_11' title='bbox 1649 461 1758 516; x_wconf 77' lang='lat' dir='ltr'>doancb</span> <span class='ocrx_word' id='word_1_12' title='bbox 1773 460 1890 529; x_wconf 61' lang='lat' dir='ltr'>Raima,</span> <span class='ocrx_word' id='word_1_13' title='bbox 1903 462 1930 527; x_wconf 83' lang='grc' dir='ltr'>Ι,</span> <span class='ocrx_word' id='word_1_14' title='bbox 1948 464 2012 529; x_wconf 79' lang='grc'>352,</span> 
     </span>
     <span class='ocr_line' id='line_1_3' title="bbox 622 549 2013 621; baseline -0.005 -11"><span class='ocrx_word' id='word_1_15' title='bbox 622 557 682 611; x_wconf 82' lang='lat' dir='ltr'>bier</span> <span class='ocrx_word' id='word_1_16' title='bbox 706 556 868 609; x_wconf 65' lang='lat' dir='ltr'>medmbolt.</span> <span class='ocrx_word' id='word_1_17' title='bbox 905 554 1025 608; x_wconf 75' lang='lat' dir='ltr'>Bdlrmcr</span> <span class='ocrx_word' id='word_1_18' title='bbox 1049 558 1133 607; x_wconf 76' lang='lat' dir='ltr'>amal</span> <span class='ocrx_word' id='word_1_19' title='bbox 1158 552 1200 607; x_wconf 78' lang='lat' dir='ltr'>ab</span> <span class='ocrx_word' id='word_1_20' title='bbox 1221 551 1337 621; x_wconf 75' lang='lat' dir='ltr'>Vorlopc</span> <span class='ocrx_word' id='word_1_21' title='bbox 1361 550 1549 619; x_wconf 71' lang='lat' dir='ltr'>„dammam</span> <span class='ocrx_word' id='word_1_22' title='bbox 1574 549 1750 619; x_wconf 78' lang='lat' dir='ltr'>Kopiolbnclr</span> <span class='ocrx_word' id='word_1_23' title='bbox 1766 566 1815 604; x_wconf 82' lang='lat' dir='ltr'>aec.</span> <span class='ocrx_word' id='word_1_24' title='bbox 1830 550 1935 618; x_wconf 56' lang='lat' dir='ltr'>mu</span> <span class='ocrx_word' id='word_1_25' title='bbox 1959 551 2013 603; x_wconf 81' lang='lat' dir='ltr'>dna</span> 
     </span>
     <span class='ocr_line' id='line_1_4' title="bbox 622 637 2012 712; baseline -0.005 -12"><span class='ocrx_word' id='word_1_26' title='bbox 622 644 796 700; x_wconf 76' lang='lat' dir='ltr'>oemutblicb</span> <span class='ocrx_word' id='word_1_27' title='bbox 814 644 863 697; x_wconf 77' lang='lat' dir='ltr'>mit</span> <span class='ocrx_word' id='word_1_28' title='bbox 882 643 941 697; x_wconf 75' lang='lat' dir='ltr'>derv</span> <span class='ocrx_word' id='word_1_29' title='bbox 960 647 1169 712; x_wconf 75' lang='lat' dir='ltr'>ersipnmnnten</span> <span class='ocrx_word' id='word_1_30' title='bbox 1186 640 1320 694; x_wconf 64' lang='lat' dir='ltr'>meciaris</span> <span class='ocrx_word' id='word_1_31' title='bbox 1337 656 1404 693; x_wconf 86' lang='lat' dir='ltr'>war.</span> <span class='ocrx_word' id='word_1_32' title='bbox 1430 639 1485 693; x_wconf 71' lang='lat' dir='ltr'>Dic</span> <span class='ocrx_word' id='word_1_33' title='bbox 1498 637 1638 703; x_wconf 76' lang='lat' dir='ltr'>Adrobrift</span> <span class='ocrx_word' id='word_1_34' title='bbox 1650 638 1870 710; x_wconf 75' lang='lat' dir='ltr'>Haadmbopena</span> <span class='ocrx_word' id='word_1_35' title='bbox 1881 656 1935 694; x_wconf 78' lang='lat' dir='ltr'>aaa</span> <span class='ocrx_word' id='word_1_36' title='bbox 1951 640 2012 693; x_wconf 71' lang='grc' dir='ltr'>άιηι</span> 
     </span>
     <span class='ocr_line' id='line_1_5' title="bbox 625 727 2014 803; baseline -0.004 -15"><span class='ocrx_word' id='word_1_37' title='bbox 625 734 794 789; x_wconf 77' lang='lat' dir='ltr'>Gelnlvduaer</span> <span class='ocrx_word' id='word_1_38' title='bbox 812 732 1061 803; x_wconf 77' lang='lat' dir='ltr'>Prioilepienbvcbe</span> <span class='ocrx_word' id='word_1_39' title='bbox 1084 729 1354 795; x_wconf 77' lang='lat' dir='ltr'>(Londeabibliollrek</span> <span class='ocrx_word' id='word_1_40' title='bbox 1373 745 1407 783; x_wconf 72' lang='lat' dir='ltr'>eu</span> <span class='ocrx_word' id='word_1_41' title='bbox 1425 728 1524 782; x_wconf 76' lang='lat' dir='ltr'>Kaoaol</span> <span class='ocrx_word' id='word_1_42' title='bbox 1542 728 1595 783; x_wconf 84' lang='lat' dir='ltr'>Mo.</span> <span class='ocrx_word' id='word_1_43' title='bbox 1608 728 1693 783; x_wconf 73' lang='lat' dir='ltr'>Haeo.</span> <span class='ocrx_word' id='word_1_44' title='bbox 1705 727 1754 793; x_wconf 75' lang='lat' dir='ltr'>fol.</span> <span class='ocrx_word' id='word_1_45' title='bbox 1766 732 1833 793; x_wconf 82' lang='lat'><strong><em>253)</em></strong></span> <span class='ocrx_word' id='word_1_46' title='bbox 1851 729 1924 799; x_wconf 73' lang='lat' dir='ltr'>teipt</span> <span class='ocrx_word' id='word_1_47' title='bbox 1940 730 2014 783; x_wconf 77' lang='lat' dir='ltr'>auch</span> 
     </span>
     <span class='ocr_line' id='line_1_6' title="bbox 623 818 1530 893; baseline -0.009 -15"><span class='ocrx_word' id='word_1_48' title='bbox 623 823 733 878; x_wconf 82' lang='lat' dir='ltr'>Reimer</span> <span class='ocrx_word' id='word_1_49' title='bbox 751 839 806 877; x_wconf 79' lang='lat' dir='ltr'>aar</span> <span class='ocrx_word' id='word_1_50' title='bbox 822 822 933 893; x_wconf 62' lang='grc' dir='ltr'>μετίημι</span> <span class='ocrx_word' id='word_1_51' title='bbox 951 822 1009 875; x_wconf 74' lang='lat' dir='ltr'>aad</span> <span class='ocrx_word' id='word_1_52' title='bbox 1026 820 1095 875; x_wconf 86' lang='lat' dir='ltr'>wobl</span> <span class='ocrx_word' id='word_1_53' title='bbox 1114 819 1290 874; x_wconf 69' lang='lat' dir='ltr'>willkdrls&#39;cbe</span> <span class='ocrx_word' id='word_1_54' title='bbox 1306 818 1530 889; x_wconf 63' lang='lat' dir='ltr'>incautum.</span> 
     </span>
    </p>

    <p class='ocr_par' dir='ltr' id='par_1_3' title="bbox 571 911 1075 980">
     <span class='ocr_line' id='line_1_7' title="bbox 571 911 1075 980; baseline -0.008 -13"><span class='ocrx_word' id='word_1_55' title='bbox 571 913 671 967; x_wconf 66' lang='lat' dir='ltr'>Greia:</span> <span class='ocrx_word' id='word_1_56' title='bbox 688 912 732 980; x_wconf 83' lang='lat'>13,</span> <span class='ocrx_word' id='word_1_57' title='bbox 753 916 812 980; x_wconf 84' lang='lat'>167,</span> <span class='ocrx_word' id='word_1_58' title='bbox 832 911 950 978; x_wconf 82' lang='lat' dir='ltr'>Reimer,</span> <span class='ocrx_word' id='word_1_59' title='bbox 970 911 995 977; x_wconf 90' lang='lat' dir='ltr'>I,</span> <span class='ocrx_word' id='word_1_60' title='bbox 1014 912 1075 963; x_wconf 84' lang='lat'><em>352.</em></span> 
     </span>
    </p>

    <p class='ocr_par' dir='ltr' id='par_1_4' title="bbox 578 1000 911 1069">
     <span class='ocr_line' id='line_1_8' title="bbox 578 1000 911 1069; baseline -0.006 -13"><span class='ocrx_word' id='word_1_61' title='bbox 578 1002 669 1056; x_wconf 75' lang='lat' dir='ltr'>Vera:</span> <span class='ocrx_word' id='word_1_62' title='bbox 688 1002 781 1069; x_wconf 89' lang='lat' dir='ltr'>B.·R.,</span> <span class='ocrx_word' id='word_1_63' title='bbox 801 1000 854 1054; x_wconf 88' lang='lat' dir='ltr'>No.</span> <span class='ocrx_word' id='word_1_64' title='bbox 869 1004 911 1055; x_wconf 89' lang='lat'>67.</span> 
     </span>
    </p>
   </div>
   <div class='ocr_carea' id='block_1_3' title="bbox 358 1322 2018 2694">
    <p class='ocr_par' dir='ltr' id='par_1_5' title="bbox 358 1322 2018 2694">
     <span class='ocr_line' id='line_1_9' title="bbox 358 1322 2012 1414; baseline -0.004 -15"><span class='ocrx_word' id='word_1_65' title='bbox 358 1322 451 1399; x_wconf 83' lang='grc'>324.</span> <span class='ocrx_word' id='word_1_66' title='bbox 474 1330 542 1395; x_wconf 82' lang='lat' dir='ltr'>Der</span> <span class='ocrx_word' id='word_1_67' title='bbox 568 1330 728 1396; x_wconf 76' lang='lat' dir='ltr'>Komtbur</span> <span class='ocrx_word' id='word_1_68' title='bbox 755 1330 893 1414; x_wconf 80' lang='lat' dir='ltr'>Ludwip</span> <span class='ocrx_word' id='word_1_69' title='bbox 921 1331 986 1395; x_wconf 80' lang='lat' dir='ltr'>aad</span> <span class='ocrx_word' id='word_1_70' title='bbox 1018 1331 1068 1395; x_wconf 82' lang='lat' dir='ltr'>dic</span> <span class='ocrx_word' id='word_1_71' title='bbox 1094 1328 1468 1395; x_wconf 70' lang='lat' dir='ltr'>Demscbordensbriidcr</span> <span class='ocrx_word' id='word_1_72' title='bbox 1493 1351 1535 1394; x_wconf 74' lang='lat' dir='ltr'>au</span> <span class='ocrx_word' id='word_1_73' title='bbox 1560 1330 1823 1395; x_wconf 69' lang='lat' dir='ltr'>Socbscnlmusen</span> <span class='ocrx_word' id='word_1_74' title='bbox 1849 1330 2012 1406; x_wconf 77' lang='lat' dir='ltr'>bekenncn,</span> 
     </span>
     <span class='ocr_line' id='line_1_10' title="bbox 474 1434 2015 1521; baseline -0.003 -18"><span class='ocrx_word' id='word_1_75' title='bbox 474 1439 551 1503; x_wconf 81' lang='lat' dir='ltr'>dosa</span> <span class='ocrx_word' id='word_1_76' title='bbox 574 1442 620 1503; x_wconf 82' lang='lat' dir='ltr'>sie</span> <span class='ocrx_word' id='word_1_77' title='bbox 643 1458 703 1503; x_wconf 81' lang='lat' dir='ltr'>von</span> <span class='ocrx_word' id='word_1_78' title='bbox 725 1438 794 1502; x_wconf 80' lang='lat' dir='ltr'>dem</span> <span class='ocrx_word' id='word_1_79' title='bbox 815 1438 916 1502; x_wconf 76' lang='lat' dir='ltr'>durch</span> <span class='ocrx_word' id='word_1_80' title='bbox 938 1436 1088 1501; x_wconf 62' lang='lat' dir='ltr'>Micioni</span> <span class='ocrx_word' id='word_1_81' title='bbox 1112 1437 1269 1521; x_wconf 79' lang='lat' dir='ltr'>Zoapeiin</span> <span class='ocrx_word' id='word_1_82' title='bbox 1290 1437 1518 1521; x_wconf 73' lang='lat' dir='ltr'>errmfuapeaca</span> <span class='ocrx_word' id='word_1_83' title='bbox 1543 1436 1640 1501; x_wconf 79' lang='lat' dir='ltr'>Geide</span> <span class='ocrx_word' id='word_1_84' title='bbox 1653 1441 1679 1501; x_wconf 97' lang='grc'><em>2</em></span> <span class='ocrx_word' id='word_1_85' title='bbox 1692 1436 1815 1517; x_wconf 68' lang='lat' dir='ltr'>Hersen,</span> <span class='ocrx_word' id='word_1_86' title='bbox 1839 1434 2015 1519; x_wconf 79' lang='lat' dir='ltr'>4Mor9en</span> 
     </span>
     <span class='ocr_line' id='line_1_11' title="bbox 477 1541 2014 1629; baseline -0.002 -20"><span class='ocrx_word' id='word_1_87' title='bbox 477 1544 687 1609; x_wconf 80' lang='lat' dir='ltr'>Gorsiealnnd</span> <span class='ocrx_word' id='word_1_88' title='bbox 718 1543 818 1629; x_wconf 81' lang='lat' dir='ltr'>(arvi)</span> <span class='ocrx_word' id='word_1_89' title='bbox 846 1544 912 1608; x_wconf 81' lang='lat' dir='ltr'>aad</span> <span class='ocrx_word' id='word_1_90' title='bbox 941 1550 961 1607; x_wconf 84' lang='grc'><em>6</em></span> <span class='ocrx_word' id='word_1_91' title='bbox 989 1544 1127 1629; x_wconf 73' lang='lat' dir='ltr'>Morpem</span> <span class='ocrx_word' id='word_1_92' title='bbox 1149 1544 1271 1609; x_wconf 75' lang='lat' dir='ltr'>Wiesen</span> <span class='ocrx_word' id='word_1_93' title='bbox 1304 1548 1337 1608; x_wconf 79' lang='lat' dir='ltr'>ia</span> <span class='ocrx_word' id='word_1_94' title='bbox 1360 1544 1600 1627; x_wconf 72' lang='lat' dir='ltr'>Humenpesoss,</span> <span class='ocrx_word' id='word_1_95' title='bbox 1625 1541 1916 1627; x_wconf 81' lang='lat' dir='ltr'>(Hittengeseitze)</span> <span class='ocrx_word' id='word_1_96' title='bbox 1947 1543 2014 1606; x_wconf 83' lang='lat' dir='ltr'>und</span> 
     </span>
     <span class='ocr_line' id='line_1_12' title="bbox 475 1648 2014 1735; baseline -0.003 -19"><span class='ocrx_word' id='word_1_97' title='bbox 475 1656 564 1717; x_wconf 81' lang='lat' dir='ltr'>einen</span> <span class='ocrx_word' id='word_1_98' title='bbox 587 1652 660 1733; x_wconf 71' lang='lat' dir='ltr'>Hos</span> <span class='ocrx_word' id='word_1_99' title='bbox 681 1653 728 1716; x_wconf 84' lang='lat' dir='ltr'>bei</span> <span class='ocrx_word' id='word_1_100' title='bbox 750 1652 806 1715; x_wconf 84' lang='lat' dir='ltr'>der</span> <span class='ocrx_word' id='word_1_101' title='bbox 828 1652 971 1735; x_wconf 70' lang='lat' dir='ltr'>domipmr</span> <span class='ocrx_word' id='word_1_102' title='bbox 994 1650 1115 1715; x_wconf 78' lang='lat' dir='ltr'>Kirclm</span> <span class='ocrx_word' id='word_1_103' title='bbox 1138 1652 1296 1715; x_wconf 80' lang='lat' dir='ltr'>ermorben</span> <span class='ocrx_word' id='word_1_104' title='bbox 1318 1651 1428 1715; x_wconf 77' lang='lat' dir='ltr'>habea.</span> <span class='ocrx_word' id='word_1_105' title='bbox 1475 1652 1528 1715; x_wconf 79' lang='lat' dir='ltr'>Sic</span> <span class='ocrx_word' id='word_1_106' title='bbox 1543 1650 1744 1732; x_wconf 75' lang='lat' dir='ltr'>oerpfliclrien</span> <span class='ocrx_word' id='word_1_107' title='bbox 1765 1650 1843 1729; x_wconf 79' lang='lat' dir='ltr'>sicia,</span> <span class='ocrx_word' id='word_1_108' title='bbox 1867 1650 1918 1713; x_wconf 72' lang='lat' dir='ltr'>dcc</span> <span class='ocrx_word' id='word_1_109' title='bbox 1932 1648 2014 1713; x_wconf 79' lang='lat' dir='ltr'>Eia·</span> 
     </span>
     <span class='ocr_line' id='line_1_13' title="bbox 475 1756 2014 1840; baseline -0.003 -17"><span class='ocrx_word' id='word_1_110' title='bbox 475 1759 586 1840; x_wconf 75' lang='lat' dir='ltr'>briasto</span> <span class='ocrx_word' id='word_1_111' title='bbox 609 1781 652 1823; x_wconf 82' lang='lat' dir='ltr'>on</span> <span class='ocrx_word' id='word_1_112' title='bbox 667 1758 817 1823; x_wconf 78' lang='lat' dir='ltr'>Luclcord</span> <span class='ocrx_word' id='word_1_113' title='bbox 840 1759 898 1839; x_wconf 80' lang='lat' dir='ltr'>sib·</span> <span class='ocrx_word' id='word_1_114' title='bbox 913 1759 981 1822; x_wconf 77' lang='lat' dir='ltr'>ihre</span> <span class='ocrx_word' id='word_1_115' title='bbox 996 1757 1177 1822; x_wconf 69' lang='lat' dir='ltr'>Lebeaszeii</span> <span class='ocrx_word' id='word_1_116' title='bbox 1191 1759 1273 1822; x_wconf 78' lang='lat' dir='ltr'>acca</span> <span class='ocrx_word' id='word_1_117' title='bbox 1290 1757 1473 1839; x_wconf 65' lang='lat' dir='ltr'>Froabfmd</span> <span class='ocrx_word' id='word_1_118' title='bbox 1489 1758 1563 1821; x_wconf 82' lang='lat' dir='ltr'>oder</span> <span class='ocrx_word' id='word_1_119' title='bbox 1580 1757 1784 1822; x_wconf 78' lang='lat' dir='ltr'>Geiabuusen</span> <span class='ocrx_word' id='word_1_120' title='bbox 1806 1756 2014 1837; x_wconf 73' lang='lat' dir='ltr'>obauliefem,</span> 
     </span>
     <span class='ocr_line' id='line_1_14' title="bbox 476 1861 2015 1948; baseline -0.002 -18"><span class='ocrx_word' id='word_1_121' title='bbox 476 1866 659 1930; x_wconf 81' lang='lat' dir='ltr'>oussrrdem</span> <span class='ocrx_word' id='word_1_122' title='bbox 689 1871 708 1930; x_wconf 82' lang='lat'><strong><em>1</em></strong></span> <span class='ocrx_word' id='word_1_123' title='bbox 733 1865 853 1929; x_wconf 78' lang='lat' dir='ltr'>Mulier</span> <span class='ocrx_word' id='word_1_124' title='bbox 870 1865 1013 1945; x_wconf 72' lang='lat' dir='ltr'>jotrum</span> <span class='ocrx_word' id='word_1_125' title='bbox 1042 1886 1102 1929; x_wconf 80' lang='lat' dir='ltr'>oon</span> <span class='ocrx_word' id='word_1_126' title='bbox 1131 1865 1191 1929; x_wconf 78' lang='lat' dir='ltr'>don</span> <span class='ocrx_word' id='word_1_127' title='bbox 1220 1866 1372 1948; x_wconf 71' lang='lat' dir='ltr'>domipen,</span> <span class='ocrx_word' id='word_1_128' title='bbox 1397 1863 1511 1946; x_wconf 82' lang='lat' dir='ltr'>friiber</span> <span class='ocrx_word' id='word_1_129' title='bbox 1533 1864 1694 1947; x_wconf 70' lang='lat' dir='ltr'>Sicos-racd</span> <span class='ocrx_word' id='word_1_130' title='bbox 1721 1884 1783 1929; x_wconf 81' lang='lat' dir='ltr'>voa</span> <span class='ocrx_word' id='word_1_131' title='bbox 1804 1861 2015 1928; x_wconf 68' lang='lat' dir='ltr'>Brodenboclr</span> 
     </span>
     <span class='ocr_line' id='line_1_15' title="bbox 474 1968 2016 2056; baseline -0.003 -19"><span class='ocrx_word' id='word_1_132' title='bbox 474 1974 643 2056; x_wconf 73' lang='lat' dir='ltr'>pebdripen</span> <span class='ocrx_word' id='word_1_133' title='bbox 668 1972 799 2051; x_wconf 74' lang='lat' dir='ltr'>Gallorur,</span> <span class='ocrx_word' id='word_1_134' title='bbox 823 1978 847 2036; x_wconf 87' lang='grc'><em>2</em></span> <span class='ocrx_word' id='word_1_135' title='bbox 868 1971 988 2036; x_wconf 82' lang='lat' dir='ltr'>Molier</span> <span class='ocrx_word' id='word_1_136' title='bbox 1011 1972 1144 2055; x_wconf 76' lang='lat' dir='ltr'>Ropyea</span> <span class='ocrx_word' id='word_1_137' title='bbox 1168 1971 1384 2052; x_wconf 71' lang='lat' dir='ltr'>Froalrfaricr</span> <span class='ocrx_word' id='word_1_138' title='bbox 1407 1971 1536 2035; x_wconf 81' lang='lat' dir='ltr'>Musaeo</span> <span class='ocrx_word' id='word_1_139' title='bbox 1560 1971 1626 2034; x_wconf 76' lang='lat' dir='ltr'>carui</span> <span class='ocrx_word' id='word_1_140' title='bbox 1647 1969 1819 2035; x_wconf 80' lang='lat' dir='ltr'>2Kcrrea</span> <span class='ocrx_word' id='word_1_141' title='bbox 1833 1968 1918 2034; x_wconf 69' lang='lat' dir='ltr'>Heia</span> <span class='ocrx_word' id='word_1_142' title='bbox 1941 1970 2016 2033; x_wconf 79' lang='lat' dir='ltr'>oder</span> 
     </span>
     <span class='ocr_line' id='line_1_16' title="bbox 476 2076 2018 2163; baseline 0.001 -20"><span class='ocrx_word' id='word_1_143' title='bbox 476 2080 577 2161; x_wconf 72' lang='lat' dir='ltr'>clot&#39;iir</span> <span class='ocrx_word' id='word_1_144' title='bbox 598 2084 624 2143; x_wconf 89' lang='grc'><em>2</em></span> <span class='ocrx_word' id='word_1_145' title='bbox 644 2080 815 2163; x_wconf 77' lang='lat' dir='ltr'>Sobiilinpe</span> <span class='ocrx_word' id='word_1_146' title='bbox 838 2080 961 2143; x_wconf 77' lang='lat' dir='ltr'>leicbtcr</span> <span class='ocrx_word' id='word_1_147' title='bbox 976 2077 1114 2143; x_wconf 82' lang='lat' dir='ltr'>Donorc.</span> <span class='ocrx_word' id='word_1_148' title='bbox 1161 2079 1360 2143; x_wconf 74' lang='lat' dir='ltr'>Scidieasliclr</span> <span class='ocrx_word' id='word_1_149' title='bbox 1384 2079 1484 2143; x_wconf 81' lang='lat' dir='ltr'>erbdlt</span> <span class='ocrx_word' id='word_1_150' title='bbox 1499 2077 1650 2142; x_wconf 77' lang='lat' dir='ltr'>erclrard</span> <span class='ocrx_word' id='word_1_151' title='bbox 1672 2078 1723 2141; x_wconf 82' lang='lat' dir='ltr'>dic</span> <span class='ocrx_word' id='word_1_152' title='bbox 1740 2076 1852 2158; x_wconf 78' lang='lat' dir='ltr'>Hdlfie</span> <span class='ocrx_word' id='word_1_153' title='bbox 1874 2100 1935 2143; x_wconf 77' lang='lat' dir='ltr'>oon</span> <span class='ocrx_word' id='word_1_154' title='bbox 1957 2080 2018 2144; x_wconf 81' lang='lat' dir='ltr'>dea</span> 
     </span>
     <span class='ocr_line' id='line_1_17' title="bbox 477 2183 2018 2269; baseline 0.001 -20"><span class='ocrx_word' id='word_1_155' title='bbox 477 2185 677 2267; x_wconf 72' lang='lat' dir='ltr'>Einlcziafica</span> <span class='ocrx_word' id='word_1_156' title='bbox 700 2190 782 2251; x_wconf 79' lang='lat' dir='ltr'>circes</span> <span class='ocrx_word' id='word_1_157' title='bbox 815 2207 872 2251; x_wconf 82' lang='lat' dir='ltr'>coa</span> <span class='ocrx_word' id='word_1_158' title='bbox 900 2186 969 2249; x_wconf 78' lang='lat' dir='ltr'>deut</span> <span class='ocrx_word' id='word_1_159' title='bbox 996 2186 1100 2253; x_wconf 82' lang='lat' dir='ltr'>Ordcu</span> <span class='ocrx_word' id='word_1_160' title='bbox 1130 2186 1225 2249; x_wconf 74' lang='lat' dir='ltr'>selbot</span> <span class='ocrx_word' id='word_1_161' title='bbox 1249 2186 1550 2266; x_wconf 71' lang='lat' dir='ltr'>bemimboclmsteim</span> <span class='ocrx_word' id='word_1_162' title='bbox 1572 2184 1727 2269; x_wconf 81' lang='lat' dir='ltr'>Morpens</span> <span class='ocrx_word' id='word_1_163' title='bbox 1745 2183 1946 2269; x_wconf 74' lang='lat' dir='ltr'>Weinpiiriea</span> <span class='ocrx_word' id='word_1_164' title='bbox 1971 2188 2018 2251; x_wconf 75' lang='lat' dir='ltr'>oei</span> 
     </span>
     <span class='ocr_line' id='line_1_18' title="bbox 480 2291 2017 2375; baseline 0 -17"><span class='ocrx_word' id='word_1_165' title='bbox 480 2292 691 2358; x_wconf 68' lang='lat' dir='ltr'>Getulorum.</span> <span class='ocrx_word' id='word_1_166' title='bbox 739 2293 832 2358; x_wconf 84' lang='lat' dir='ltr'>Nocb</span> <span class='ocrx_word' id='word_1_167' title='bbox 855 2292 1022 2357; x_wconf 77' lang='lat' dir='ltr'>errlords</span> <span class='ocrx_word' id='word_1_168' title='bbox 1048 2292 1116 2356; x_wconf 76' lang='lat' dir='ltr'>Tou</span> <span class='ocrx_word' id='word_1_169' title='bbox 1139 2293 1298 2356; x_wconf 78' lang='lat' dir='ltr'>erldschea</span> <span class='ocrx_word' id='word_1_170' title='bbox 1320 2293 1381 2356; x_wconf 83' lang='lat' dir='ltr'>alle</span> <span class='ocrx_word' id='word_1_171' title='bbox 1403 2292 1488 2356; x_wconf 79' lang='lat' dir='ltr'>dicae</span> <span class='ocrx_word' id='word_1_172' title='bbox 1511 2291 1640 2375; x_wconf 69' lang='lat' dir='ltr'>Beaiipo</span> <span class='ocrx_word' id='word_1_173' title='bbox 1662 2292 1729 2355; x_wconf 80' lang='lat' dir='ltr'>aad</span> <span class='ocrx_word' id='word_1_174' title='bbox 1751 2292 1802 2355; x_wconf 83' lang='lat' dir='ltr'>die</span> <span class='ocrx_word' id='word_1_175' title='bbox 1827 2291 1928 2356; x_wconf 63' lang='lat' dir='ltr'>Gruter</span> <span class='ocrx_word' id='word_1_176' title='bbox 1952 2316 2017 2358; x_wconf 79' lang='lat' dir='ltr'>ocr-</span> 
     </span>
     <span class='ocr_line' id='line_1_19' title="bbox 477 2394 2018 2483; baseline 0 -18"><span class='ocrx_word' id='word_1_177' title='bbox 477 2400 578 2482; x_wconf 79' lang='lat' dir='ltr'>follea</span> <span class='ocrx_word' id='word_1_178' title='bbox 596 2401 666 2465; x_wconf 84' lang='lat' dir='ltr'>dem</span> <span class='ocrx_word' id='word_1_179' title='bbox 685 2402 799 2467; x_wconf 82' lang='lat' dir='ltr'>ordea.</span> <span class='ocrx_word' id='word_1_180' title='bbox 848 2399 991 2483; x_wconf 76' lang='lat' dir='ltr'>anpm:</span> <span class='ocrx_word' id='word_1_181' title='bbox 1015 2394 1123 2464; x_wconf 84' lang='lat' dir='ltr'>frater</span> <span class='ocrx_word' id='word_1_182' title='bbox 1139 2398 1315 2480; x_wconf 86' lang='lat' dir='ltr'>Arnoldus,</span> <span class='ocrx_word' id='word_1_183' title='bbox 1332 2396 1439 2463; x_wconf 88' lang='lat' dir='ltr'>irater</span> <span class='ocrx_word' id='word_1_184' title='bbox 1455 2399 1674 2479; x_wconf 77' lang='lat' dir='ltr'>HermannnS,</span> <span class='ocrx_word' id='word_1_185' title='bbox 1692 2395 1800 2463; x_wconf 85' lang='lat' dir='ltr'>irater</span> <span class='ocrx_word' id='word_1_186' title='bbox 1815 2395 2018 2465; x_wconf 83' lang='lat' dir='ltr'>Godefridns</span> 
     </span>
     <span class='ocr_line' id='line_1_20' title="bbox 479 2503 2016 2588; baseline 0.001 -17"><span class='ocrx_word' id='word_1_187' title='bbox 479 2509 519 2571; x_wconf 92' lang='lat' dir='ltr'>de</span> <span class='ocrx_word' id='word_1_188' title='bbox 542 2506 656 2587; x_wconf 89' lang='lat' dir='ltr'>llorle,</span> <span class='ocrx_word' id='word_1_189' title='bbox 682 2508 888 2588; x_wconf 61' lang='lat' dir='ltr'>sacerdotem</span> <span class='ocrx_word' id='word_1_190' title='bbox 914 2504 1020 2572; x_wconf 83' lang='lat' dir='ltr'>irater</span> <span class='ocrx_word' id='word_1_191' title='bbox 1043 2505 1248 2571; x_wconf 88' lang='lat' dir='ltr'>Hartmudus</span> <span class='ocrx_word' id='word_1_192' title='bbox 1272 2508 1312 2571; x_wconf 88' lang='lat' dir='ltr'>de</span> <span class='ocrx_word' id='word_1_193' title='bbox 1336 2506 1514 2588; x_wconf 82' lang='lat' dir='ltr'>Cronberg,</span> <span class='ocrx_word' id='word_1_194' title='bbox 1539 2503 1646 2571; x_wconf 86' lang='lat' dir='ltr'>irater</span> <span class='ocrx_word' id='word_1_195' title='bbox 1664 2506 1820 2571; x_wconf 83' lang='lat' dir='ltr'>Francko</span> <span class='ocrx_word' id='word_1_196' title='bbox 1844 2506 1884 2570; x_wconf 89' lang='lat' dir='ltr'>de</span> <span class='ocrx_word' id='word_1_197' title='bbox 1900 2506 2016 2587; x_wconf 84' lang='lat' dir='ltr'>llorle,</span> 
     </span>
     <span class='ocr_line' id='line_1_21' title="bbox 479 2610 1836 2694; baseline -0.001 -17"><span class='ocrx_word' id='word_1_198' title='bbox 479 2610 587 2679; x_wconf 84' lang='lat' dir='ltr'>irater</span> <span class='ocrx_word' id='word_1_199' title='bbox 611 2612 832 2679; x_wconf 79' lang='lat' dir='ltr'>Theodericus</span> <span class='ocrx_word' id='word_1_200' title='bbox 856 2620 890 2679; x_wconf 91' lang='lat' dir='ltr'>et</span> <span class='ocrx_word' id='word_1_201' title='bbox 913 2612 970 2678; x_wconf 88' lang='lat' dir='ltr'>alii</span> <span class='ocrx_word' id='word_1_202' title='bbox 993 2632 1089 2693; x_wconf 85' lang='lat' dir='ltr'>quam</span> <span class='ocrx_word' id='word_1_203' title='bbox 1115 2612 1225 2694; x_wconf 88' lang='lat' dir='ltr'>plnres</span> <span class='ocrx_word' id='word_1_204' title='bbox 1250 2612 1373 2679; x_wconf 77' lang='lat' dir='ltr'>tratres</span> <span class='ocrx_word' id='word_1_205' title='bbox 1397 2615 1511 2678; x_wconf 89' lang='lat' dir='ltr'>domus</span> <span class='ocrx_word' id='word_1_206' title='bbox 1534 2611 1691 2694; x_wconf 85' lang='lat' dir='ltr'>predicte.</span> <span class='ocrx_word' id='word_1_207' title='bbox 1740 2618 1836 2678; x_wconf 79' lang='lat'><em>1273.</em></span> 
     </span>
    </p>
   </div>
   <div class='ocr_carea' id='block_1_4' title="bbox 578 2751 2020 2913">
    <p class='ocr_par' dir='ltr' id='par_1_6' title="bbox 578 2751 2020 2913">
     <span class='ocr_line' id='line_1_22' title="bbox 578 2751 2020 2825; baseline 0 -18"><span class='ocrx_word' id='word_1_208' title='bbox 578 2754 657 2808; x_wconf 81' lang='lat' dir='ltr'>Noclr</span> <span class='ocrx_word' id='word_1_209' title='bbox 669 2752 812 2819; x_wconf 79' lang='lat' dir='ltr'>Abacbrifl</span> <span class='ocrx_word' id='word_1_210' title='bbox 831 2754 869 2807; x_wconf 81' lang='lat' dir='ltr'>im</span> <span class='ocrx_word' id='word_1_211' title='bbox 888 2752 1056 2822; x_wconf 76' lang='lat' dir='ltr'>Starlparar</span> <span class='ocrx_word' id='word_1_212' title='bbox 1073 2754 1562 2809; x_wconf 74' lang='lat' dir='ltr'>Deutocborderm·Dokumentenbaclr</span> <span class='ocrx_word' id='word_1_213' title='bbox 1581 2754 1602 2818; x_wconf 82' lang='lat' dir='ltr'>f.</span> <span class='ocrx_word' id='word_1_214' title='bbox 1622 2751 1686 2807; x_wconf 65' lang='lat' dir='ltr'>spo,</span> <span class='ocrx_word' id='word_1_215' title='bbox 1705 2754 1796 2825; x_wconf 61' lang='lat' dir='ltr'>pedm:</span> <span class='ocrx_word' id='word_1_216' title='bbox 1814 2754 1933 2821; x_wconf 76' lang='lat' dir='ltr'>Reimer,</span> <span class='ocrx_word' id='word_1_217' title='bbox 1955 2755 1975 2808; x_wconf 90' lang='lat' dir='ltr'><em>I</em></span> <span class='ocrx_word' id='word_1_218' title='bbox 1980 2754 2020 2822; x_wconf 82' lang='lat' dir='ltr'>V,</span> 
     </span>
     <span class='ocr_line' id='line_1_23' title="bbox 630 2843 1555 2913; baseline -0.001 -16"><span class='ocrx_word' id='word_1_219' title='bbox 630 2847 691 2897; x_wconf 83' lang='lat'><em>810.</em></span> <span class='ocrx_word' id='word_1_220' title='bbox 729 2843 842 2913; x_wconf 78' lang='lat' dir='ltr'>Reponi:</span> <span class='ocrx_word' id='word_1_221' title='bbox 860 2843 1065 2913; x_wconf 80' lang='lat' dir='ltr'>Niedermoyer,</span> <span class='ocrx_word' id='word_1_222' title='bbox 1085 2847 1145 2909; x_wconf 83' lang='lat'>159,</span> <span class='ocrx_word' id='word_1_223' title='bbox 1165 2844 1283 2910; x_wconf 80' lang='lat' dir='ltr'>Reimer,</span> <span class='ocrx_word' id='word_1_224' title='bbox 1302 2844 1327 2911; x_wconf 90' lang='lat' dir='ltr'>I,</span> <span class='ocrx_word' id='word_1_225' title='bbox 1346 2848 1407 2911; x_wconf 82' lang='lat'>353,</span> <span class='ocrx_word' id='word_1_226' title='bbox 1427 2844 1480 2897; x_wconf 89' lang='lat' dir='ltr'>No.</span> <span class='ocrx_word' id='word_1_227' title='bbox 1494 2847 1555 2897; x_wconf 76' lang='lat'>485.</span> 
     </span>
    </p>
   </div>
   <div class='ocr_carea' id='block_1_5' title="bbox 365 3077 2019 3169">
    <p class='ocr_par' dir='ltr' id='par_1_7' title="bbox 365 3077 2019 3169">
     <span class='ocr_line' id='line_1_24' title="bbox 365 3077 2019 3169; baseline 0.001 -18"><span class='ocrx_word' id='word_1_228' title='bbox 365 3077 455 3153; x_wconf 82' lang='lat'><strong>325.</strong></span> <span class='ocrx_word' id='word_1_229' title='bbox 479 3084 548 3150; x_wconf 82' lang='lat' dir='ltr'>Der</span> <span class='ocrx_word' id='word_1_230' title='bbox 570 3085 731 3150; x_wconf 81' lang='lat' dir='ltr'>Kornibur</span> <span class='ocrx_word' id='word_1_231' title='bbox 750 3084 888 3169; x_wconf 77' lang='lat' dir='ltr'>Lucboip</span> <span class='ocrx_word' id='word_1_232' title='bbox 912 3087 978 3150; x_wconf 80' lang='lat' dir='ltr'>aad</span> <span class='ocrx_word' id='word_1_233' title='bbox 1000 3087 1051 3151; x_wconf 81' lang='lat' dir='ltr'>die</span> <span class='ocrx_word' id='word_1_234' title='bbox 1073 3086 1510 3151; x_wconf 70' lang='lat' dir='ltr'>Deuiscbor·11rasbr·ddrr·ru</span> <span class='ocrx_word' id='word_1_235' title='bbox 1532 3087 1794 3151; x_wconf 54' lang='lat' dir='ltr'>rvorlcmloosea</span> <span class='ocrx_word' id='word_1_236' title='bbox 1818 3089 2019 3169; x_wconf 79' lang='lat' dir='ltr'>cerspreclreu</span> 
     </span>
    </p>
   </div>
   <div class='ocr_carea' id='block_1_6' title="bbox 479 3192 2022 3472">
    <p class='ocr_par' dir='ltr' id='par_1_8' title="bbox 479 3192 2022 3472">
     <span class='ocr_line' id='line_1_25' title="bbox 480 3192 2022 3278; baseline 0.001 -21"><span class='ocrx_word' id='word_1_237' title='bbox 480 3194 550 3257; x_wconf 83' lang='lat' dir='ltr'>dem</span> <span class='ocrx_word' id='word_1_238' title='bbox 573 3192 757 3275; x_wconf 78' lang='lat' dir='ltr'>Morquord</span> <span class='ocrx_word' id='word_1_239' title='bbox 780 3193 877 3258; x_wconf 79' lang='lat' dir='ltr'>Bluel</span> <span class='ocrx_word' id='word_1_240' title='bbox 907 3194 1150 3278; x_wconf 79' lang='lat' dir='ltr'>loberrslr&#39;iapliclo</span> <span class='ocrx_word' id='word_1_241' title='bbox 1176 3196 1342 3278; x_wconf 73' lang='lat' dir='ltr'>llblinnap</span> <span class='ocrx_word' id='word_1_242' title='bbox 1370 3195 1436 3258; x_wconf 80' lang='lat' dir='ltr'>aad</span> <span class='ocrx_word' id='word_1_243' title='bbox 1459 3194 1543 3259; x_wconf 81' lang='lat' dir='ltr'>Kosi</span> <span class='ocrx_word' id='word_1_244' title='bbox 1571 3216 1613 3257; x_wconf 71' lang='lat' dir='ltr'>aa</span> <span class='ocrx_word' id='word_1_245' title='bbox 1643 3196 1740 3278; x_wconf 74' lang='lat' dir='ltr'>pubem</span> <span class='ocrx_word' id='word_1_246' title='bbox 1772 3196 1837 3258; x_wconf 73' lang='lat' dir='ltr'>1ch</span> <span class='ocrx_word' id='word_1_247' title='bbox 1866 3196 2022 3260; x_wconf 75' lang='lat' dir='ltr'>belmrmr</span> 
     </span>
     <span class='ocr_line' id='line_1_26' title="bbox 479 3299 2020 3380; baseline 0.002 -17"><span class='ocrx_word' id='word_1_248' title='bbox 479 3299 582 3380; x_wconf 71' lang='lat' dir='ltr'>dofiir</span> <span class='ocrx_word' id='word_1_249' title='bbox 619 3322 677 3364; x_wconf 83' lang='lat' dir='ltr'>oon</span> <span class='ocrx_word' id='word_1_250' title='bbox 718 3300 833 3365; x_wconf 78' lang='lat' dir='ltr'><em>diesem</em></span> <span class='ocrx_word' id='word_1_251' title='bbox 865 3300 926 3365; x_wconf 84' lang='lat' dir='ltr'>olle</span> <span class='ocrx_word' id='word_1_252' title='bbox 957 3304 1041 3365; x_wconf 66' lang='lat' dir='ltr'>amne</span> <span class='ocrx_word' id='word_1_253' title='bbox 1075 3301 1176 3364; x_wconf 77' lang='lat' dir='ltr'>Giiter</span> <span class='ocrx_word' id='word_1_254' title='bbox 1207 3305 1241 3365; x_wconf 85' lang='lat' dir='ltr'>ia</span> <span class='ocrx_word' id='word_1_255' title='bbox 1265 3302 1526 3366; x_wconf 79' lang='lat' dir='ltr'>Socbseabuasea</span> <span class='ocrx_word' id='word_1_256' title='bbox 1561 3301 1625 3365; x_wconf 66' lang='lat' dir='ltr'>rond</span> <span class='ocrx_word' id='word_1_257' title='bbox 1661 3301 1779 3365; x_wconf 80' lang='lat' dir='ltr'>Tribur</span> <span class='ocrx_word' id='word_1_258' title='bbox 1807 3303 1948 3367; x_wconf 68' lang='lat' dir='ltr'>erimbrot</span> <span class='ocrx_word' id='word_1_259' title='bbox 1979 3326 2020 3367; x_wconf 70' lang='lat' dir='ltr'>zu</span> 
     </span>
     <span class='ocr_line' id='line_1_27' title="bbox 480 3408 732 3472; baseline -0.004 0"><span class='ocrx_word' id='word_1_260' title='bbox 480 3408 589 3472; x_wconf 76' lang='lat' dir='ltr'>haben.</span> <span class='ocrx_word' id='word_1_261' title='bbox 636 3411 732 3471; x_wconf 83' lang='lat'><strong><em>1273.</em></strong></span> 
     </span>
    </p>
   </div>
   <div class='ocr_carea' id='block_1_7' title="bbox 366 3548 2026 5774">
    <p class='ocr_par' dir='ltr' id='par_1_9' title="bbox 366 3548 2026 5774">
     <span class='ocr_line' id='line_1_28' title="bbox 473 3548 2022 3635; baseline 0.005 -22"><span class='ocrx_word' id='word_1_262' title='bbox 473 3548 633 3635; x_wconf 79' lang='lat' dir='ltr'><strong>Quoniam</strong></span> <span class='ocrx_word' id='word_1_263' title='bbox 656 3548 829 3631; x_wconf 89' lang='lat' dir='ltr'>plurimum</span> <span class='ocrx_word' id='word_1_264' title='bbox 852 3548 1019 3614; x_wconf 88' lang='lat' dir='ltr'>intereunt</span> <span class='ocrx_word' id='word_1_265' title='bbox 1043 3557 1076 3615; x_wconf 90' lang='lat' dir='ltr'>et</span> <span class='ocrx_word' id='word_1_266' title='bbox 1098 3550 1132 3615; x_wconf 92' lang='lat' dir='ltr'>in</span> <span class='ocrx_word' id='word_1_267' title='bbox 1153 3550 1348 3616; x_wconf 88' lang='lat' dir='ltr'>oblivionem</span> <span class='ocrx_word' id='word_1_268' title='bbox 1363 3557 1505 3633; x_wconf 82' lang='lat' dir='ltr'>vergunt</span> <span class='ocrx_word' id='word_1_269' title='bbox 1529 3572 1569 3617; x_wconf 89' lang='lat' dir='ltr'>ac</span> <span class='ocrx_word' id='word_1_270' title='bbox 1592 3572 1651 3633; x_wconf 88' lang='lat' dir='ltr'>per</span> <span class='ocrx_word' id='word_1_271' title='bbox 1667 3552 1824 3619; x_wconf 88' lang='lat' dir='ltr'>malornm</span> <span class='ocrx_word' id='word_1_272' title='bbox 1849 3554 2022 3620; x_wconf 74' lang='lat' dir='ltr'><strong>versucias</strong></span> 
     </span>
     <span class='ocr_line' id='line_1_29' title="bbox 367 3655 2022 3743; baseline 0.003 -21"><span class='ocrx_word' id='word_1_273' title='bbox 367 3655 627 3730; x_wconf 80' lang='lat' dir='ltr'>dislltnrbantur</span> <span class='ocrx_word' id='word_1_274' title='bbox 660 3675 767 3722; x_wconf 91' lang='lat' dir='ltr'>rernm</span> <span class='ocrx_word' id='word_1_275' title='bbox 801 3655 1028 3737; x_wconf 75' lang='lat' dir='ltr'>temporalium</span> <span class='ocrx_word' id='word_1_276' title='bbox 1061 3657 1164 3722; x_wconf 88' lang='lat' dir='ltr'>series</span> <span class='ocrx_word' id='word_1_277' title='bbox 1196 3664 1230 3722; x_wconf 88' lang='lat' dir='ltr'>ot</span> <span class='ocrx_word' id='word_1_278' title='bbox 1263 3664 1437 3737; x_wconf 74' lang='lat' dir='ltr'>tractatus</span> <span class='ocrx_word' id='word_1_279' title='bbox 1477 3656 1506 3722; x_wconf 90' lang='lat' dir='ltr'>si</span> <span class='ocrx_word' id='word_1_280' title='bbox 1538 3678 1603 3723; x_wconf 91' lang='lat' dir='ltr'>non</span> <span class='ocrx_word' id='word_1_281' title='bbox 1636 3679 1695 3741; x_wconf 93' lang='lat' dir='ltr'>per</span> <span class='ocrx_word' id='word_1_282' title='bbox 1727 3659 1858 3741; x_wconf 91' lang='lat' dir='ltr'>publica</span> <span class='ocrx_word' id='word_1_283' title='bbox 1894 3660 2022 3743; x_wconf 88' lang='lat' dir='ltr'>scripta</span> 
     </span>
     <span class='ocr_line' id='line_1_30' title="bbox 366 3761 2022 3851; baseline 0.001 -21"><span class='ocrx_word' id='word_1_284' title='bbox 366 3766 467 3830; x_wconf 92' lang='lat' dir='ltr'>robur</span> <span class='ocrx_word' id='word_1_285' title='bbox 483 3762 675 3851; x_wconf 85' lang='lat' dir='ltr'>[accipiunt]</span> <span class='ocrx_word' id='word_1_286' title='bbox 692 3761 763 3835; x_wconf 78' lang='lat' dir='ltr'>ilat</span> <span class='ocrx_word' id='word_1_287' title='bbox 778 3762 950 3845; x_wconf 88' lang='lat' dir='ltr'>munimen,</span> <span class='ocrx_word' id='word_1_288' title='bbox 971 3762 1046 3829; x_wconf 92' lang='lat' dir='ltr'>hinc</span> <span class='ocrx_word' id='word_1_289' title='bbox 1063 3770 1123 3844; x_wconf 89' lang='lat' dir='ltr'>est,</span> <span class='ocrx_word' id='word_1_290' title='bbox 1141 3766 1227 3844; x_wconf 91' lang='lat' dir='ltr'>quod</span> <span class='ocrx_word' id='word_1_291' title='bbox 1246 3783 1305 3829; x_wconf 88' lang='lat' dir='ltr'>nos</span> <span class='ocrx_word' id='word_1_292' title='bbox 1321 3762 1427 3829; x_wconf 86' lang='lat' dir='ltr'>irater</span> <span class='ocrx_word' id='word_1_293' title='bbox 1443 3764 1638 3831; x_wconf 88' lang='lat' dir='ltr'>Ludcwicus</span> <span class='ocrx_word' id='word_1_294' title='bbox 1654 3768 1889 3832; x_wconf 82' lang='lat' dir='ltr'>commendator</span> <span class='ocrx_word' id='word_1_295' title='bbox 1906 3770 2022 3833; x_wconf 89' lang='lat' dir='ltr'>domus</span> 
     </span>
     <span class='ocr_line' id='line_1_31' title="bbox 367 3869 2022 3957; baseline 0.002 -21"><span class='ocrx_word' id='word_1_296' title='bbox 367 3870 591 3937; x_wconf 71' lang='lat' dir='ltr'>‘Phentlronice</span> <span class='ocrx_word' id='word_1_297' title='bbox 614 3870 649 3935; x_wconf 92' lang='lat' dir='ltr'>in</span> <span class='ocrx_word' id='word_1_298' title='bbox 676 3869 957 3957; x_wconf 72' lang='lat' dir='ltr'>Saslsenlllhuscn</span> <span class='ocrx_word' id='word_1_299' title='bbox 975 3870 1140 3952; x_wconf 89' lang='lat' dir='ltr'>ceterique</span> <span class='ocrx_word' id='word_1_300' title='bbox 1157 3870 1280 3937; x_wconf 85' lang='lat' dir='ltr'>iratres</span> <span class='ocrx_word' id='word_1_301' title='bbox 1295 3871 1415 3938; x_wconf 86' lang='lat' dir='ltr'>ibidem</span> <span class='ocrx_word' id='word_1_302' title='bbox 1431 3875 1473 3938; x_wconf 93' lang='lat' dir='ltr'>ad</span> <span class='ocrx_word' id='word_1_303' title='bbox 1489 3872 1717 3939; x_wconf 90' lang='lat' dir='ltr'>universorum</span> <span class='ocrx_word' id='word_1_304' title='bbox 1733 3873 1889 3939; x_wconf 79' lang='lat' dir='ltr'>noticiam</span> <span class='ocrx_word' id='word_1_305' title='bbox 1906 3880 2022 3939; x_wconf 82' lang='lat' dir='ltr'>tenore.</span> 
     </span>
     <span class='ocr_line' id='line_1_32' title="bbox 368 3976 2023 4065; baseline 0.002 -22"><span class='ocrx_word' id='word_1_306' title='bbox 368 3978 571 4060; x_wconf 87' lang='lat' dir='ltr'>presencium</span> <span class='ocrx_word' id='word_1_307' title='bbox 596 3978 743 4060; x_wconf 90' lang='lat' dir='ltr'>cupimus</span> <span class='ocrx_word' id='word_1_308' title='bbox 767 3978 948 4061; x_wconf 84' lang='lat' dir='ltr'>pervenire,</span> <span class='ocrx_word' id='word_1_309' title='bbox 981 3976 1093 4065; x_wconf 78' lang='lat' dir='ltr'>[quod]</span> <span class='ocrx_word' id='word_1_310' title='bbox 1118 3998 1177 4043; x_wconf 93' lang='lat' dir='ltr'>nos</span> <span class='ocrx_word' id='word_1_311' title='bbox 1201 3980 1436 4059; x_wconf 87' lang='lat' dir='ltr'>Marquardnm</span> <span class='ocrx_word' id='word_1_312' title='bbox 1466 3979 1587 4045; x_wconf 92' lang='lat' dir='ltr'>dictum</span> <span class='ocrx_word' id='word_1_313' title='bbox 1611 3979 1706 4046; x_wconf 92' lang='lat' dir='ltr'>Bluel</span> <span class='ocrx_word' id='word_1_314' title='bbox 1729 3988 1841 4046; x_wconf 89' lang='lat' dir='ltr'>tencre</span> <span class='ocrx_word' id='word_1_315' title='bbox 1865 3982 2023 4047; x_wconf 86' lang='lat' dir='ltr'>debemus</span> 
     </span>
     <span class='ocr_line' id='line_1_33' title="bbox 369 4084 2022 4168; baseline 0.001 -17"><span class='ocrx_word' id='word_1_316' title='bbox 369 4087 456 4166; x_wconf 89' lang='lat' dir='ltr'>apud</span> <span class='ocrx_word' id='word_1_317' title='bbox 472 4105 531 4151; x_wconf 87' lang='lat' dir='ltr'>nos</span> <span class='ocrx_word' id='word_1_318' title='bbox 547 4086 580 4151; x_wconf 92' lang='lat' dir='ltr'>in</span> <span class='ocrx_word' id='word_1_319' title='bbox 598 4085 748 4168; x_wconf 89' lang='lat' dir='ltr'>predicta</span> <span class='ocrx_word' id='word_1_320' title='bbox 763 4095 878 4151; x_wconf 90' lang='lat' dir='ltr'>nostra</span> <span class='ocrx_word' id='word_1_321' title='bbox 895 4084 986 4151; x_wconf 88' lang='lat' dir='ltr'>curia</span> <span class='ocrx_word' id='word_1_322' title='bbox 1001 4084 1035 4150; x_wconf 91' lang='lat' dir='ltr'>in</span> <span class='ocrx_word' id='word_1_323' title='bbox 1051 4087 1137 4150; x_wconf 90' lang='lat' dir='ltr'>huno</span> <span class='ocrx_word' id='word_1_324' title='bbox 1154 4088 1291 4166; x_wconf 91' lang='lat' dir='ltr'>modum,</span> <span class='ocrx_word' id='word_1_325' title='bbox 1306 4089 1390 4167; x_wconf 89' lang='lat' dir='ltr'>quod</span> <span class='ocrx_word' id='word_1_326' title='bbox 1408 4086 1512 4151; x_wconf 90' lang='lat' dir='ltr'>eidem</span> <span class='ocrx_word' id='word_1_327' title='bbox 1527 4084 1616 4152; x_wconf 85' lang='lat' dir='ltr'>inira</span> <span class='ocrx_word' id='word_1_328' title='bbox 1627 4106 1738 4153; x_wconf 89' lang='lat' dir='ltr'>muros</span> <span class='ocrx_word' id='word_1_329' title='bbox 1750 4087 1895 4153; x_wconf 90' lang='lat' dir='ltr'>eiusdem</span> <span class='ocrx_word' id='word_1_330' title='bbox 1908 4094 2022 4154; x_wconf 86' lang='lat' dir='ltr'>nostre</span> 
     </span>
     <span class='ocr_line' id='line_1_34' title="bbox 369 4191 2023 4277; baseline 0.002 -20"><span class='ocrx_word' id='word_1_331' title='bbox 369 4192 458 4257; x_wconf 90' lang='lat' dir='ltr'>curie</span> <span class='ocrx_word' id='word_1_332' title='bbox 474 4192 597 4257; x_wconf 91' lang='lat' dir='ltr'>nostris</span> <span class='ocrx_word' id='word_1_333' title='bbox 613 4193 781 4258; x_wconf 76' lang='lat' dir='ltr'>laboribus</span> <span class='ocrx_word' id='word_1_334' title='bbox 797 4200 830 4258; x_wconf 91' lang='lat' dir='ltr'>et</span> <span class='ocrx_word' id='word_1_335' title='bbox 847 4191 999 4273; x_wconf 84' lang='lat' dir='ltr'>expensis</span> <span class='ocrx_word' id='word_1_336' title='bbox 1015 4192 1167 4257; x_wconf 87' lang='lat' dir='ltr'>edificare</span> <span class='ocrx_word' id='word_1_337' title='bbox 1184 4195 1359 4258; x_wconf 88' lang='lat' dir='ltr'>debeamus</span> <span class='ocrx_word' id='word_1_338' title='bbox 1372 4196 1509 4273; x_wconf 91' lang='lat' dir='ltr'>domum,</span> <span class='ocrx_word' id='word_1_339' title='bbox 1523 4193 1556 4259; x_wconf 88' lang='lat' dir='ltr'>in</span> <span class='ocrx_word' id='word_1_340' title='bbox 1569 4214 1634 4275; x_wconf 90' lang='lat' dir='ltr'>qua</span> <span class='ocrx_word' id='word_1_341' title='bbox 1647 4202 1862 4262; x_wconf 80' lang='lat' dir='ltr'>corrmorctur</span> <span class='ocrx_word' id='word_1_342' title='bbox 1874 4202 2023 4277; x_wconf 81' lang='lat' dir='ltr'>ternpore</span> 
     </span>
     <span class='ocr_line' id='line_1_35' title="bbox 368 4298 2022 4388; baseline 0.001 -23"><span class='ocrx_word' id='word_1_343' title='bbox 368 4299 436 4366; x_wconf 91' lang='lat' dir='ltr'>vite</span> <span class='ocrx_word' id='word_1_344' title='bbox 450 4318 520 4381; x_wconf 87' lang='lat' dir='ltr'>sue;</span> <span class='ocrx_word' id='word_1_345' title='bbox 535 4298 715 4365; x_wconf 87' lang='lat' dir='ltr'>adicientes</span> <span class='ocrx_word' id='word_1_346' title='bbox 729 4299 841 4381; x_wconf 90' lang='lat' dir='ltr'>eciam,</span> <span class='ocrx_word' id='word_1_347' title='bbox 853 4302 939 4380; x_wconf 89' lang='lat' dir='ltr'>quod</span> <span class='ocrx_word' id='word_1_348' title='bbox 952 4299 1098 4381; x_wconf 87' lang='lat' dir='ltr'>predicto</span> <span class='ocrx_word' id='word_1_349' title='bbox 1110 4320 1115 4331; x_wconf 94' lang='lat'><em>·</em></span> <span class='ocrx_word' id='word_1_350' title='bbox 1126 4301 1159 4364; x_wconf 90' lang='lat' dir='ltr'>M</span> <span class='ocrx_word' id='word_1_351' title='bbox 1170 4320 1176 4331; x_wconf 93' lang='lat'><strong>·</strong></span> <span class='ocrx_word' id='word_1_352' title='bbox 1186 4302 1345 4380; x_wconf 90' lang='lat' dir='ltr'>deputare</span> <span class='ocrx_word' id='word_1_353' title='bbox 1359 4302 1512 4366; x_wconf 86' lang='lat' dir='ltr'>debemus</span> <span class='ocrx_word' id='word_1_354' title='bbox 1525 4300 1692 4388; x_wconf 75' lang='lat' dir='ltr'>[aliqluem</span> <span class='ocrx_word' id='word_1_355' title='bbox 1704 4304 1744 4366; x_wconf 91' lang='lat' dir='ltr'>de</span> <span class='ocrx_word' id='word_1_356' title='bbox 1756 4308 1872 4367; x_wconf 88' lang='lat' dir='ltr'>nostra</span> <span class='ocrx_word' id='word_1_357' title='bbox 1883 4299 2022 4377; x_wconf 84' lang='lat' dir='ltr'>familia,</span> 
     </span>
     <span class='ocr_line' id='line_1_36' title="bbox 369 4405 2024 4490; baseline 0.001 -19"><span class='ocrx_word' id='word_1_358' title='bbox 369 4406 424 4487; x_wconf 91' lang='lat' dir='ltr'>qui</span> <span class='ocrx_word' id='word_1_359' title='bbox 447 4405 477 4472; x_wconf 88' lang='lat' dir='ltr'>ei</span> <span class='ocrx_word' id='word_1_360' title='bbox 500 4406 606 4472; x_wconf 89' lang='lat' dir='ltr'>cibum</span> <span class='ocrx_word' id='word_1_361' title='bbox 626 4414 659 4471; x_wconf 89' lang='lat' dir='ltr'>et</span> <span class='ocrx_word' id='word_1_362' title='bbox 676 4413 786 4487; x_wconf 87' lang='lat' dir='ltr'>potum</span> <span class='ocrx_word' id='word_1_363' title='bbox 803 4407 1068 4487; x_wconf 81' lang='lat' dir='ltr'>qualemcunque,</span> <span class='ocrx_word' id='word_1_364' title='bbox 1086 4406 1239 4472; x_wconf 86' lang='lat' dir='ltr'>videlicet</span> <span class='ocrx_word' id='word_1_365' title='bbox 1255 4405 1395 4473; x_wconf 77' lang='lat' dir='ltr'>fratrum</span> <span class='ocrx_word' id='word_1_366' title='bbox 1412 4408 1685 4490; x_wconf 87' lang='lat' dir='ltr'>conventualium,</span> <span class='ocrx_word' id='word_1_367' title='bbox 1702 4406 1792 4474; x_wconf 86' lang='lat' dir='ltr'>ierat</span> <span class='ocrx_word' id='word_1_368' title='bbox 1807 4415 1841 4473; x_wconf 88' lang='lat' dir='ltr'>et</span> <span class='ocrx_word' id='word_1_369' title='bbox 1856 4408 2024 4474; x_wconf 89' lang='lat' dir='ltr'>ministret</span> 
     </span>
     <span class='ocr_line' id='line_1_37' title="bbox 369 4513 2021 4597; baseline 0.001 -18"><span class='ocrx_word' id='word_1_370' title='bbox 369 4520 515 4595; x_wconf 85' lang='lat' dir='ltr'>tempore</span> <span class='ocrx_word' id='word_1_371' title='bbox 539 4520 710 4595; x_wconf 85' lang='lat' dir='ltr'>oportuno.</span> <span class='ocrx_word' id='word_1_372' title='bbox 757 4515 797 4579; x_wconf 92' lang='lat' dir='ltr'>In</span> <span class='ocrx_word' id='word_1_373' title='bbox 820 4514 1004 4579; x_wconf 90' lang='lat' dir='ltr'>huiusmodi</span> <span class='ocrx_word' id='word_1_374' title='bbox 1027 4513 1130 4597; x_wconf 84' lang='lat' dir='ltr'>igitur</span> <span class='ocrx_word' id='word_1_375' title='bbox 1146 4534 1362 4596; x_wconf 85' lang='lat' dir='ltr'>expensarum</span> <span class='ocrx_word' id='word_1_376' title='bbox 1379 4515 1717 4596; x_wconf 79' lang='lat' dir='ltr'>recompensacionem</span> <span class='ocrx_word' id='word_1_377' title='bbox 1742 4515 1810 4580; x_wconf 85' lang='lat' dir='ltr'>sive</span> <span class='ocrx_word' id='word_1_378' title='bbox 1823 4524 2021 4589; x_wconf 78' lang='lat' dir='ltr'>restaurem,</span> 
     </span>
     <span class='ocr_line' id='line_1_38' title="bbox 369 4619 2023 4705; baseline 0.001 -20"><span class='ocrx_word' id='word_1_379' title='bbox 369 4640 452 4702; x_wconf 88' lang='lat' dir='ltr'>quas</span> <span class='ocrx_word' id='word_1_380' title='bbox 476 4620 564 4686; x_wconf 90' lang='lat' dir='ltr'>circa</span> <span class='ocrx_word' id='word_1_381' title='bbox 588 4622 724 4687; x_wconf 87' lang='lat' dir='ltr'>cundem</span> <span class='ocrx_word' id='word_1_382' title='bbox 753 4621 787 4686; x_wconf 93' lang='lat' dir='ltr'>in</span> <span class='ocrx_word' id='word_1_383' title='bbox 819 4620 891 4687; x_wconf 91' lang='lat' dir='ltr'>cibo</span> <span class='ocrx_word' id='word_1_384' title='bbox 915 4628 948 4686; x_wconf 88' lang='lat' dir='ltr'>et</span> <span class='ocrx_word' id='word_1_385' title='bbox 972 4628 1051 4701; x_wconf 92' lang='lat' dir='ltr'>potu</span> <span class='ocrx_word' id='word_1_386' title='bbox 1082 4619 1265 4701; x_wconf 83' lang='lat' dir='ltr'>fecerimus,</span> <span class='ocrx_word' id='word_1_387' title='bbox 1297 4621 1480 4705; x_wconf 84' lang='lat' dir='ltr'>resignavit</span> <span class='ocrx_word' id='word_1_388' title='bbox 1503 4621 1597 4687; x_wconf 89' lang='lat' dir='ltr'>nobis</span> <span class='ocrx_word' id='word_1_389' title='bbox 1621 4622 1730 4687; x_wconf 91' lang='lat' dir='ltr'>omnia</span> <span class='ocrx_word' id='word_1_390' title='bbox 1752 4623 1840 4686; x_wconf 93' lang='lat' dir='ltr'>bona</span> <span class='ocrx_word' id='word_1_391' title='bbox 1863 4641 1934 4702; x_wconf 91' lang='lat' dir='ltr'>sua,</span> <span class='ocrx_word' id='word_1_392' title='bbox 1961 4642 2023 4703; x_wconf 82' lang='lat' dir='ltr'>que</span> 
     </span>
     <span class='ocr_line' id='line_1_39' title="bbox 369 4727 2025 4811; baseline 0.001 -18"><span class='ocrx_word' id='word_1_393' title='bbox 369 4727 484 4794; x_wconf 92' lang='lat' dir='ltr'>habuit</span> <span class='ocrx_word' id='word_1_394' title='bbox 499 4727 533 4793; x_wconf 91' lang='lat' dir='ltr'>in</span> <span class='ocrx_word' id='word_1_395' title='bbox 551 4727 700 4809; x_wconf 91' lang='lat' dir='ltr'>predicta</span> <span class='ocrx_word' id='word_1_396' title='bbox 716 4727 795 4795; x_wconf 92' lang='lat' dir='ltr'>villa</span> <span class='ocrx_word' id='word_1_397' title='bbox 807 4728 1031 4793; x_wconf 85' lang='lat' dir='ltr'>Sasseuhusen</span> <span class='ocrx_word' id='word_1_398' title='bbox 1049 4737 1116 4794; x_wconf 89' lang='lat' dir='ltr'>tam</span> <span class='ocrx_word' id='word_1_399' title='bbox 1133 4728 1165 4793; x_wconf 93' lang='lat' dir='ltr'>in</span> <span class='ocrx_word' id='word_1_400' title='bbox 1182 4728 1282 4811; x_wconf 80' lang='lat' dir='ltr'>agric,</span> <span class='ocrx_word' id='word_1_401' title='bbox 1297 4748 1393 4809; x_wconf 89' lang='lat' dir='ltr'>quam</span> <span class='ocrx_word' id='word_1_402' title='bbox 1408 4728 1442 4793; x_wconf 92' lang='lat' dir='ltr'>in</span> <span class='ocrx_word' id='word_1_403' title='bbox 1459 4728 1578 4793; x_wconf 89' lang='lat' dir='ltr'>ceteris</span> <span class='ocrx_word' id='word_1_404' title='bbox 1593 4728 1786 4805; x_wconf 85' lang='lat' dir='ltr'>redditibus,</span> <span class='ocrx_word' id='word_1_405' title='bbox 1800 4736 1942 4810; x_wconf 80' lang='lat' dir='ltr'>excepta</span> <span class='ocrx_word' id='word_1_406' title='bbox 1957 4749 2025 4794; x_wconf 91' lang='lat' dir='ltr'>una</span> 
     </span>
     <span class='ocr_line' id='line_1_40' title="bbox 370 4836 2024 4917; baseline 0.001 -17"><span class='ocrx_word' id='word_1_407' title='bbox 370 4855 458 4917; x_wconf 89' lang='lat' dir='ltr'>area,</span> <span class='ocrx_word' id='word_1_408' title='bbox 483 4836 517 4900; x_wconf 93' lang='lat' dir='ltr'>in</span> <span class='ocrx_word' id='word_1_409' title='bbox 541 4854 606 4916; x_wconf 87' lang='lat' dir='ltr'>qua</span> <span class='ocrx_word' id='word_1_410' title='bbox 630 4839 791 4915; x_wconf 89' lang='lat' dir='ltr'>quondam</span> <span class='ocrx_word' id='word_1_411' title='bbox 815 4843 911 4917; x_wconf 88' lang='lat' dir='ltr'>pater</span> <span class='ocrx_word' id='word_1_412' title='bbox 935 4854 1012 4901; x_wconf 89' lang='lat' dir='ltr'>suus</span> <span class='ocrx_word' id='word_1_413' title='bbox 1028 4838 1113 4901; x_wconf 90' lang='lat' dir='ltr'>bone</span> <span class='ocrx_word' id='word_1_414' title='bbox 1129 4836 1281 4901; x_wconf 84' lang='lat' dir='ltr'>memorie</span> <span class='ocrx_word' id='word_1_415' title='bbox 1297 4837 1499 4902; x_wconf 89' lang='lat' dir='ltr'>morabatur.</span> <span class='ocrx_word' id='word_1_416' title='bbox 1546 4836 1642 4901; x_wconf 87' lang='lat' dir='ltr'>Hanc</span> <span class='ocrx_word' id='word_1_417' title='bbox 1667 4843 1775 4901; x_wconf 89' lang='lat' dir='ltr'>tamen</span> <span class='ocrx_word' id='word_1_418' title='bbox 1799 4855 1913 4901; x_wconf 89' lang='lat' dir='ltr'>aream</span> <span class='ocrx_word' id='word_1_419' title='bbox 1929 4844 2024 4902; x_wconf 65' lang='lat' dir='ltr'>anto</span> 
     </span>
     <span class='ocr_line' id='line_1_41' title="bbox 370 4942 2024 5024; baseline -0.001 -15"><span class='ocrx_word' id='word_1_420' title='bbox 370 4943 491 5009; x_wconf 87' lang='lat' dir='ltr'>dictam</span> <span class='ocrx_word' id='word_1_421' title='bbox 522 4962 586 5008; x_wconf 91' lang='lat' dir='ltr'>non</span> <span class='ocrx_word' id='word_1_422' title='bbox 615 4942 677 5007; x_wconf 86' lang='lat' dir='ltr'>nisi</span> <span class='ocrx_word' id='word_1_423' title='bbox 701 4945 741 5007; x_wconf 91' lang='lat' dir='ltr'>ad</span> <span class='ocrx_word' id='word_1_424' title='bbox 767 4942 939 5008; x_wconf 89' lang='lat' dir='ltr'>terminum</span> <span class='ocrx_word' id='word_1_425' title='bbox 964 4942 1031 5009; x_wconf 90' lang='lat' dir='ltr'>vite</span> <span class='ocrx_word' id='word_1_426' title='bbox 1056 4962 1113 5008; x_wconf 91' lang='lat' dir='ltr'>sue</span> <span class='ocrx_word' id='word_1_427' title='bbox 1144 4943 1257 5008; x_wconf 87' lang='lat' dir='ltr'>usibus</span> <span class='ocrx_word' id='word_1_428' title='bbox 1288 4942 1355 5008; x_wconf 87' lang='lat' dir='ltr'>suis</span> <span class='ocrx_word' id='word_1_429' title='bbox 1386 4950 1484 5023; x_wconf 90' lang='lat' dir='ltr'>prout</span> <span class='ocrx_word' id='word_1_430' title='bbox 1513 4942 1595 5008; x_wconf 89' lang='lat' dir='ltr'>libet</span> <span class='ocrx_word' id='word_1_431' title='bbox 1618 4942 1741 5024; x_wconf 88' lang='lat' dir='ltr'>poterit</span> <span class='ocrx_word' id='word_1_432' title='bbox 1764 4945 1936 5023; x_wconf 88' lang='lat' dir='ltr'>deputare,</span> <span class='ocrx_word' id='word_1_433' title='bbox 1962 4943 2024 5009; x_wconf 87' lang='lat' dir='ltr'>lroc</span> 
     </span>
     <span class='ocr_line' id='line_1_42' title="bbox 370 5050 2026 5133; baseline 0.001 -17"><span class='ocrx_word' id='word_1_434' title='bbox 370 5050 508 5130; x_wconf 89' lang='lat' dir='ltr'>adiecto,</span> <span class='ocrx_word' id='word_1_435' title='bbox 534 5050 562 5115; x_wconf 91' lang='lat' dir='ltr'>si</span> <span class='ocrx_word' id='word_1_436' title='bbox 584 5051 669 5115; x_wconf 90' lang='lat' dir='ltr'>hanc</span> <span class='ocrx_word' id='word_1_437' title='bbox 693 5052 828 5116; x_wconf 88' lang='lat' dir='ltr'>candem</span> <span class='ocrx_word' id='word_1_438' title='bbox 853 5070 963 5116; x_wconf 90' lang='lat' dir='ltr'>aream</span> <span class='ocrx_word' id='word_1_439' title='bbox 987 5050 1181 5131; x_wconf 89' lang='lat' dir='ltr'>vendiderit,</span> <span class='ocrx_word' id='word_1_440' title='bbox 1207 5071 1279 5116; x_wconf 91' lang='lat' dir='ltr'>cum</span> <span class='ocrx_word' id='word_1_441' title='bbox 1295 5050 1439 5117; x_wconf 84' lang='lat' dir='ltr'>denariis</span> <span class='ocrx_word' id='word_1_442' title='bbox 1463 5071 1522 5133; x_wconf 90' lang='lat' dir='ltr'>pro</span> <span class='ocrx_word' id='word_1_443' title='bbox 1546 5070 1587 5117; x_wconf 91' lang='lat' dir='ltr'>ea</span> <span class='ocrx_word' id='word_1_444' title='bbox 1609 5050 1753 5133; x_wconf 88' lang='lat' dir='ltr'>receptis</span> <span class='ocrx_word' id='word_1_445' title='bbox 1776 5050 1859 5117; x_wconf 89' lang='lat' dir='ltr'>alios</span> <span class='ocrx_word' id='word_1_446' title='bbox 1882 5071 2026 5133; x_wconf 91' lang='lat' dir='ltr'>proven-</span> 
     </span>
     <span class='ocr_line' id='line_1_43' title="bbox 370 5157 2023 5242; baseline 0.002 -17"><span class='ocrx_word' id='word_1_447' title='bbox 370 5166 424 5225; x_wconf 87' lang='lat' dir='ltr'>tus</span> <span class='ocrx_word' id='word_1_448' title='bbox 457 5178 648 5242; x_wconf 91' lang='lat' dir='ltr'>comparare</span> <span class='ocrx_word' id='word_1_449' title='bbox 681 5159 787 5239; x_wconf 86' lang='lat' dir='ltr'>debet,</span> <span class='ocrx_word' id='word_1_450' title='bbox 821 5177 902 5239; x_wconf 88' lang='lat' dir='ltr'>quos</span> <span class='ocrx_word' id='word_1_451' title='bbox 934 5158 1083 5224; x_wconf 88' lang='lat' dir='ltr'>similiter</span> <span class='ocrx_word' id='word_1_452' title='bbox 1116 5161 1383 5239; x_wconf 88' lang='lat' dir='ltr'>quemadmodum</span> <span class='ocrx_word' id='word_1_453' title='bbox 1412 5158 1523 5223; x_wconf 87' lang='lat' dir='ltr'>debuit</span> <span class='ocrx_word' id='word_1_454' title='bbox 1548 5177 1670 5235; x_wconf 89' lang='lat' dir='ltr'>aream,</span> <span class='ocrx_word' id='word_1_455' title='bbox 1704 5157 1856 5239; x_wconf 87' lang='lat' dir='ltr'>quamdiu</span> <span class='ocrx_word' id='word_1_456' title='bbox 1889 5158 2023 5228; x_wconf 83' lang='lat' dir='ltr'>vixerit.</span> 
     </span>
     <span class='ocr_line' id='line_1_44' title="bbox 370 5264 2024 5349; baseline -0.001 -16"><span class='ocrx_word' id='word_1_457' title='bbox 370 5267 516 5349; x_wconf 90' lang='lat' dir='ltr'>recipere</span> <span class='ocrx_word' id='word_1_458' title='bbox 541 5273 574 5332; x_wconf 91' lang='lat' dir='ltr'>et</span> <span class='ocrx_word' id='word_1_459' title='bbox 598 5273 719 5331; x_wconf 86' lang='lat' dir='ltr'>tencre.</span> <span class='ocrx_word' id='word_1_460' title='bbox 766 5266 923 5332; x_wconf 88' lang='lat' dir='ltr'>Preterea</span> <span class='ocrx_word' id='word_1_461' title='bbox 948 5265 1040 5331; x_wconf 91' lang='lat' dir='ltr'>dabit</span> <span class='ocrx_word' id='word_1_462' title='bbox 1063 5264 1224 5331; x_wconf 85' lang='lat' dir='ltr'>iratribus</span> <span class='ocrx_word' id='word_1_463' title='bbox 1247 5266 1370 5331; x_wconf 89' lang='lat' dir='ltr'>nostris</span> <span class='ocrx_word' id='word_1_464' title='bbox 1394 5265 1488 5331; x_wconf 91' lang='lat' dir='ltr'>annis</span> <span class='ocrx_word' id='word_1_465' title='bbox 1512 5264 1649 5348; x_wconf 83' lang='lat' dir='ltr'>singulis</span> <span class='ocrx_word' id='word_1_466' title='bbox 1673 5267 1756 5331; x_wconf 90' lang='lat' dir='ltr'>duas</span> <span class='ocrx_word' id='word_1_467' title='bbox 1779 5284 1919 5331; x_wconf 85' lang='lat' dir='ltr'>marcas.</span> <span class='ocrx_word' id='word_1_468' title='bbox 1944 5267 2024 5347; x_wconf 91' lang='lat' dir='ltr'>Ipso</span> 
     </span>
     <span class='ocr_line' id='line_1_45' title="bbox 370 5370 2025 5456; baseline -0.002 -17"><span class='ocrx_word' id='word_1_469' title='bbox 370 5393 497 5456; x_wconf 85' lang='lat' dir='ltr'>quoque</span> <span class='ocrx_word' id='word_1_470' title='bbox 528 5371 683 5439; x_wconf 85' lang='lat' dir='ltr'>defuncto</span> <span class='ocrx_word' id='word_1_471' title='bbox 715 5374 864 5455; x_wconf 90' lang='lat' dir='ltr'>predicta</span> <span class='ocrx_word' id='word_1_472' title='bbox 893 5375 980 5439; x_wconf 88' lang='lat' dir='ltr'>bona</span> <span class='ocrx_word' id='word_1_473' title='bbox 1004 5381 1037 5438; x_wconf 85' lang='lat' dir='ltr'>et</span> <span class='ocrx_word' id='word_1_474' title='bbox 1061 5392 1149 5451; x_wconf 90' lang='lat' dir='ltr'>area,</span> <span class='ocrx_word' id='word_1_475' title='bbox 1181 5372 1252 5440; x_wconf 84' lang='lat' dir='ltr'>sive</span> <span class='ocrx_word' id='word_1_476' title='bbox 1282 5372 1384 5437; x_wconf 87' lang='lat' dir='ltr'>ceteri</span> <span class='ocrx_word' id='word_1_477' title='bbox 1413 5379 1603 5454; x_wconf 86' lang='lat' dir='ltr'>proventus,</span> <span class='ocrx_word' id='word_1_478' title='bbox 1636 5389 1717 5453; x_wconf 88' lang='lat' dir='ltr'>qnos</span> <span class='ocrx_word' id='word_1_479' title='bbox 1747 5372 1962 5453; x_wconf 69' lang='lat' dir='ltr'>comparabit</span> <span class='ocrx_word' id='word_1_480' title='bbox 1995 5370 2025 5437; x_wconf 89' lang='lat' dir='ltr'>si</span> 
     </span>
     <span class='ocr_line' id='line_1_46' title="bbox 371 5474 2024 5560; baseline -0.002 -14"><span class='ocrx_word' id='word_1_481' title='bbox 371 5484 506 5546; x_wconf 86' lang='lat' dir='ltr'>eandem</span> <span class='ocrx_word' id='word_1_482' title='bbox 540 5478 732 5560; x_wconf 87' lang='lat' dir='ltr'>vendiderit,</span> <span class='ocrx_word' id='word_1_483' title='bbox 765 5487 798 5545; x_wconf 91' lang='lat' dir='ltr'>et</span> <span class='ocrx_word' id='word_1_484' title='bbox 829 5480 980 5546; x_wconf 90' lang='lat' dir='ltr'>dimidius</span> <span class='ocrx_word' id='word_1_485' title='bbox 1010 5499 1145 5545; x_wconf 89' lang='lat' dir='ltr'>mansus</span> <span class='ocrx_word' id='word_1_486' title='bbox 1176 5479 1259 5545; x_wconf 90' lang='lat' dir='ltr'>situs</span> <span class='ocrx_word' id='word_1_487' title='bbox 1288 5479 1322 5544; x_wconf 93' lang='lat' dir='ltr'>in</span> <span class='ocrx_word' id='word_1_488' title='bbox 1353 5478 1501 5545; x_wconf 89' lang='lat' dir='ltr'>terminis</span> <span class='ocrx_word' id='word_1_489' title='bbox 1524 5477 1601 5545; x_wconf 91' lang='lat' dir='ltr'>ville</span> <span class='ocrx_word' id='word_1_490' title='bbox 1625 5474 1778 5559; x_wconf 77' lang='lat' dir='ltr'>Dribiire,</span> <span class='ocrx_word' id='word_1_491' title='bbox 1810 5498 1904 5559; x_wconf 87' lang='lat' dir='ltr'>quern</span> <span class='ocrx_word' id='word_1_492' title='bbox 1928 5478 2024 5545; x_wconf 90' lang='lat' dir='ltr'>nobis</span> 
     </span>
     <span class='ocr_line' id='line_1_47' title="bbox 371 5584 2024 5670; baseline -0.002 -17"><span class='ocrx_word' id='word_1_493' title='bbox 371 5588 520 5654; x_wconf 91' lang='lat' dir='ltr'>similiter</span> <span class='ocrx_word' id='word_1_494' title='bbox 550 5585 741 5670; x_wconf 84' lang='lat' dir='ltr'>resignavit,</span> <span class='ocrx_word' id='word_1_495' title='bbox 775 5594 871 5654; x_wconf 85' lang='lat' dir='ltr'>erunt</span> <span class='ocrx_word' id='word_1_496' title='bbox 901 5588 970 5654; x_wconf 90' lang='lat' dir='ltr'>sine</span> <span class='ocrx_word' id='word_1_497' title='bbox 1002 5586 1262 5653; x_wconf 89' lang='lat' dir='ltr'>contradictione</span> <span class='ocrx_word' id='word_1_498' title='bbox 1292 5586 1438 5667; x_wconf 87' lang='lat' dir='ltr'>qualibet</span> <span class='ocrx_word' id='word_1_499' title='bbox 1468 5589 1581 5651; x_wconf 90' lang='lat' dir='ltr'>domus</span> <span class='ocrx_word' id='word_1_500' title='bbox 1611 5592 1733 5651; x_wconf 87' lang='lat' dir='ltr'>nostre.</span> <span class='ocrx_word' id='word_1_501' title='bbox 1781 5584 1888 5652; x_wconf 90' lang='lat' dir='ltr'>Huius</span> <span class='ocrx_word' id='word_1_502' title='bbox 1918 5586 1966 5652; x_wconf 88' lang='lat' dir='ltr'>rei</span> <span class='ocrx_word' id='word_1_503' title='bbox 1988 5592 2024 5651; x_wconf 87' lang='lat' dir='ltr'>et</span> 
     </span>
     <span class='ocr_line' id='line_1_48' title="bbox 371 5689 2022 5774; baseline -0.002 -15"><span class='ocrx_word' id='word_1_504' title='bbox 371 5693 454 5760; x_wconf 90' lang='lat' dir='ltr'>iacti</span> <span class='ocrx_word' id='word_1_505' title='bbox 478 5702 581 5760; x_wconf 89' lang='lat' dir='ltr'>testes</span> <span class='ocrx_word' id='word_1_506' title='bbox 598 5702 690 5760; x_wconf 88' lang='lat' dir='ltr'>sunt:</span> <span class='ocrx_word' id='word_1_507' title='bbox 716 5693 822 5760; x_wconf 85' lang='lat' dir='ltr'>frater</span> <span class='ocrx_word' id='word_1_508' title='bbox 838 5695 1014 5771; x_wconf 79' lang='lat' dir='ltr'>ArnolduS,</span> <span class='ocrx_word' id='word_1_509' title='bbox 1040 5693 1147 5759; x_wconf 85' lang='lat' dir='ltr'>irater·</span> <span class='ocrx_word' id='word_1_510' title='bbox 1163 5694 1381 5774; x_wconf 87' lang='lat' dir='ltr'>Hermannus,</span> <span class='ocrx_word' id='word_1_511' title='bbox 1400 5696 1606 5774; x_wconf 87' lang='lat' dir='ltr'>sacerdotes;</span> <span class='ocrx_word' id='word_1_512' title='bbox 1631 5689 1739 5758; x_wconf 87' lang='lat' dir='ltr'>irater</span> <span class='ocrx_word' id='word_1_513' title='bbox 1754 5694 1959 5759; x_wconf 90' lang='lat' dir='ltr'>Hartmudus</span> <span class='ocrx_word' id='word_1_514' title='bbox 1980 5696 2022 5756; x_wconf 85' lang='lat' dir='ltr'>de</span> 
     </span>
    </p>
   </div>
   <div class='ocr_carea' id='block_1_8' title="bbox 0 0 2217 6384">
    <p class='ocr_par' dir='ltr' id='par_1_10' title="bbox 0 0 2217 6384">
     <span class='ocr_line' id='line_1_49' title="bbox 0 0 2217 6384; baseline 0 0"><span class='ocrx_word' id='word_1_515' title='bbox 0 0 2217 6384; x_wconf 95' lang='lat' dir='ltr'> </span> 
     </span>
    </p>
   </div>
  </div>
 </body>
</html>
