4400 6384
402 291 469 358 360
1189 288 1267 344 1297.

403 484 539 567 Georgii
568 491 636 551 tres
664 483 768 550 libras
797 484 991 552 ballensium
1021 491 1139 566 parate
1168 483 1305 566 pecunie
1335 490 1514 550 numerate.
1560 485 1646 550 Item
1669 483 1783 550 ordIno
1807 489 1842 549 et
1864 489 1988 563 statuo,
2017 489 2055 548 ut

402 589 550 656 redditus
580 608 639 671 pro
664 589 805 672 quinque
835 589 928 656 libris
958 589 1153 655 ballensium
1182 596 1405 672 conparentur
1427 592 1469 656 ad
1493 589 1659 670 candelas,
1690 608 1753 671 que
1777 594 1955 670 portantur
1977 594 2054 653 ante

402 713 521 776 corpus
544 693 665 760 domini
688 697 731 762 ad
754 694 962 762 visitationes
985 693 1195 762 infirmorum.
1242 695 1327 761 Item
1343 701 1465 777 statuo,
1489 702 1528 761 ut
1543 693 1677 760 diunidia
1691 713 1805 760 marca
1820 693 1922 760 annui
1937 712 2054 759 census

402 806 601 881 conparetur
625 803 666 866 ad
691 801 925 867 conficiendum
950 819 1070 882 cereos,
1104 800 1159 882 qui
1181 804 1360 885 gewudene
1383 803 1506 867 kerzen
1529 807 1771 883 nuncupantur,
1803 799 1858 880 qui
1880 805 2055 881 portentur

402 924 460 987 per
485 907 698 972 ebdomadam
727 905 817 973 inira
847 907 972 989 palmas
1003 913 1037 972 et
1066 908 1192 990 pascha
1221 907 1275 974 vel
1297 907 1451 988 quamdiu
1478 909 1599 973 durare
1629 912 1786 988 poterunt
1814 925 1886 971 cum
1918 923 2054 986 corpore

402 1009 523 1076 domini
553 1013 596 1077 ad
625 1011 837 1079 visitationes
866 1011 1075 1079 infirmorum.
1130 1015 1215 1080 Item
1243 1013 1317 1097 lego
1342 1065 1375 1078 ..
1398 1011 1511 1079 liberis
1533 1013 1738 1096 Elyzabetbe
1768 1011 1891 1078 sororIs
1920 1030 1992 1076 mee
2021 1010 2054 1076 in

401 1116 579 1200 Maguncia
602 1116 824 1202 quadraginta
846 1137 976 1184 marcas
1000 1118 1208 1186 denariorum
1232 1118 1472 1186 coloniensium
1495 1117 1632 1201 pecunie
1655 1123 1835 1184 numerate.
1873 1117 1960 1182 Item
1981 1116 2054 1200 lego

402 1220 506 1288 eidem
521 1221 706 1304 Elisabeth,
732 1223 837 1290 sorori
860 1243 940 1304 mee,
966 1223 1068 1290 cisum
1083 1244 1189 1290 meum
1204 1225 1359 1292 maiorem
1376 1232 1577 1308 argenteum.
1622 1224 1708 1290 Item
1720 1223 1795 1306 lego
1811 1224 1916 1302 Gude,
1933 1219 2055 1288 lamule

401 1347 480 1408 mee,
515 1335 641 1410 septem
672 1329 775 1395 libras
807 1330 1001 1396 ballensium
1034 1342 1204 1397 numerate
1237 1331 1373 1413 pecunie
1408 1338 1442 1396 et
1473 1350 1571 1396 unam
1603 1349 1739 1396 vaccam
1767 1328 1934 1394 meliorem
1957 1347 2054 1410 quam

401 1434 516 1514 babeo,
541 1437 622 1500 duos
638 1435 751 1518 lectos,
769 1438 831 1502 duo
849 1435 1044 1518 pulvinaria,
1063 1437 1144 1502 duos
1162 1437 1319 1520 cussInos,
1345 1444 1486 1518 quatuor
1501 1435 1717 1502 lintheamina
1735 1442 1769 1501 et
1784 1453 1881 1500 unam
1898 1434 2052 1517 sargiam.

402 1540 486 1605 Item
502 1539 642 1622 Mathia,
668 1541 910 1625 consanguineo
934 1562 1015 1624 meo,
1039 1542 1113 1625 lego
1137 1549 1211 1609 octo
1235 1542 1338 1609 libras
1360 1543 1555 1610 ballensium
1574 1550 1608 1608 et
1623 1541 1797 1623 cristiano,
1815 1547 1957 1624 cognato
1973 1559 2052 1618 meo,

402 1665 518 1712 novem
547 1645 649 1713 libres
672 1647 867 1713 ballensium
892 1647 1028 1728 pecunie
1052 1655 1231 1715 numerate.
1279 1649 1364 1714 Item
1387 1655 1499 1715 statuo
1523 1654 1557 1714 et
1580 1647 1704 1729 ordino,
1733 1654 1771 1712 ut
1794 1645 1952 1713 debonis
1975 1645 2053 1710 meis

402 1760 601 1834 conparetur
623 1753 709 1819 libra
732 1753 938 1820 denariorum
954 1755 1324 1822 Frankenvordensium
1341 1754 1442 1821 annui
1457 1773 1575 1820 census
1590 1755 1634 1820 ad
1649 1760 1842 1836 perpetuam
1859 1754 2052 1833 lampadem,

402 1877 499 1938 quam
515 1857 714 1925 ordinabunt
737 1859 979 1926 testamentarii
996 1861 1059 1926 mei
1081 1861 1115 1926 in
1132 1861 1309 1942 parrochia
1323 1859 1647 1941 Frankenvordensi,
1672 1866 1771 1942 prout
1792 1859 1873 1940 ipsis
1888 1857 2053 1925 videbitur

402 1963 564 2044 expedire.
612 1964 696 2030 Item
711 1965 783 2048 lego
801 1965 939 2049 triginta
955 1967 1192 2047 sacerdotibus,
1217 1967 1352 2033 cuilibet
1367 1985 1478 2033 eorum
1502 1965 1641 2048 triginta
1656 1965 1808 2031 denarios
1829 1965 1929 2030 leves.
1972 1964 2053 2029 Item

400 2070 473 2152 lego
505 2066 604 2135 fratri
636 2072 787 2136 Conrado
819 2073 859 2136 de
890 2072 995 2138 Morle
1025 2091 1125 2138 unam
1153 2073 1271 2139 libram
1303 2073 1514 2152 ballensium,
1545 2072 1685 2154 plebano
1717 2091 1788 2137 meo
1820 2071 2052 2136 Frankenvor-

402 2173 497 2239 densi
520 2181 553 2240 et
576 2176 682 2241 tribus
706 2176 773 2242 suis
798 2177 894 2243 sociis
919 2177 1059 2258 quinque
1083 2178 1185 2244 libras
1209 2179 1413 2258 hallensium,
1440 2179 1596 2244 Eckardo
1621 2178 1739 2243 clerico
1764 2176 1934 2243 tabellioni
1956 2197 2052 2242 unam

401 2279 518 2346 libram
541 2282 735 2348 ballensium
758 2289 815 2348 et.
835 2336 841 2347 .
859 2282 981 2350 famulo
1011 2304 1092 2366 mec,
1125 2285 1180 2365 qui
1210 2283 1275 2350 iuit
1303 2284 1338 2350 in
1362 2283 1454 2350 curia
1484 2304 1557 2350 mea
1580 2293 1657 2349 ante
1682 2293 1797 2364 portas
1820 2284 2052 2348 Frankenvor-

402 2389 529 2468 denseS,
554 2390 636 2453 duas
659 2387 762 2455 libres
787 2390 978 2454 ballensium
1002 2397 1037 2456 et
1060 2389 1160 2457 fratri
1176 2390 1292 2482 Ottoni
1315 2391 1417 2472 priori
1440 2391 1587 2473 predicto
1612 2393 1724 2455 decem
1741 2389 1844 2455 libras
1859 2389 2051 2454 ballensium

402 2498 519 2574 parate
554 2494 691 2575 pecunie
724 2502 904 2561 numerate.
951 2497 1036 2562 Item
1068 2496 1142 2580 lego
1179 2497 1335 2580 Sypeloni
1368 2499 1409 2563 de
1439 2495 1638 2580 Gysenbeim
1673 2494 1863 2578 supradicto
1899 2495 2049 2560 annulum

402 2617 546 2664 aureum.
582 2599 666 2664 item
690 2607 800 2666 statuo
825 2608 860 2666 et
883 2601 1006 2684 ordino,
1031 2608 1069 2667 ut
1092 2606 1132 2669 de
1155 2602 1250 2669 bonis
1265 2602 1345 2669 meis
1362 2610 1561 2685 conparetur
1577 2607 1756 2683 conpetens
1771 2600 1858 2667 calix
1874 2603 1917 2666 ad
1933 2599 2048 2665 altaria

400 2702 434 2769 in
459 2705 634 2786 parrochia
656 2707 977 2774 Frankenvordensi.
1013 2710 1172 2775 Preterea
1189 2710 1274 2790 volo,
1300 2716 1411 2776 statuo
1435 2716 1469 2775 et
1491 2708 1618 2789 ordino,
1642 2713 1680 2773 ut
1703 2706 1857 2788 quicquid
1881 2723 2044 2786 superesse

402 2811 524 2892 poterit
547 2814 588 2878 de
611 2813 705 2878 bonis
728 2813 818 2896 maie,
844 2833 905 2895 que
928 2813 963 2880 in
986 2834 1059 2880 mea
1081 2821 1187 2880 morte
1210 2815 1406 2896 relinquero,
1430 2813 1494 2880 biis
1518 2813 1666 2880 omnibus
1680 2812 1801 2896 legatis
1816 2809 2043 2892 suprascriptis

402 2915 529 2998 plenius
552 2918 737 3000 persolutis,
763 2922 848 3000 quod
873 2940 932 3002 per
955 2940 1005 2986 me
1028 2921 1082 2987 vel
1105 2941 1164 3002 per
1186 2921 1398 2987 manufideles
1422 2919 1630 3002 supradictos
1654 2938 1719 2985 non
1742 2917 1845 2984 inerit
1867 2917 2041 2984 ordinatum

401 3021 454 3087 vel
478 3022 671 3106 dispositum
695 3044 753 3107 pro
778 3026 884 3092 salute
909 3025 1016 3092 anime
1039 3045 1119 3107 mee,
1145 3045 1243 3108 super
1267 3046 1329 3108 quo
1352 3026 1435 3109 ipsis
1453 3024 1702 3092 manufidelibus
1717 3024 1797 3090 meis
1812 3025 1855 3090 do
1872 3021 2041 3106 plenariam

401 3135 599 3208 potestatem
630 3129 822 3211 disponendi
852 3137 886 3196 et
916 3131 1097 3214 ordinandi,
1131 3139 1229 3214 prout
1259 3132 1361 3199 saluti
1389 3131 1496 3198 anime
1527 3149 1597 3197 mee
1620 3130 1741 3198 viderit
1770 3129 1935 3212 expedire,
1963 3127 2040 3194 inter

401 3234 537 3300 heredes
567 3255 666 3316 meua,
695 3236 848 3302 videlicet
865 3289 871 3302 .
891 3245 1063 3320 matrem,
1083 3291 1089 3304 .
1110 3237 1267 3319 iratres,
1288 3291 1294 3304 .
1314 3257 1469 3305 ‚sorores
1493 3244 1527 3304 et
1545 3290 1551 3301 .
1570 3289 1577 3302 .
1595 3256 1706 3304 eorum
1728 3235 1860 3316 liberos,
1885 3236 1942 3314 ita,
1965 3235 2039 3315 quod

401 3359 466 3405 non
494 3341 528 3406 in
559 3340 680 3424 capita,
712 3345 769 3408 sed
798 3344 832 3410 in
863 3345 983 3426 stirpes
1011 3345 1172 3427 equaliter
1195 3345 1372 3411 dividatur.
1419 3345 1459 3409 In
1482 3343 1579 3409 huius
1601 3342 1651 3409 rei
1673 3342 1808 3409 evidens
1831 3339 2038 3408 testimonium

401 3453 434 3512 et
457 3447 584 3513 roboris
608 3449 795 3516 firmitatem
813 3459 982 3532 presentes
1005 3450 1136 3517 litteras
1159 3453 1220 3518 sub
1245 3451 1350 3534 sigillo
1370 3449 1598 3516 universitatis
1615 3447 1704 3530 opidi
1718 3445 2037 3520 Frankenlordens'u,

401 3556 485 3632 quod
516 3557 558 3619 ad
589 3575 703 3636 preces
732 3577 821 3622 meas
853 3557 1060 3638 presentibus
1091 3564 1143 3623 est
1172 3577 1361 3639 appensum,
1394 3555 1517 3622 tradidi
1547 3553 1771 3621 communitas.
1817 3555 1939 3619 Actum
1963 3569 2038 3617 anno

401 3657 522 3724 dourini
537 3661 577 3726 rir.
595 3655 637 3727 rit.
655 3663 866 3745 nonagesimo
891 3663 1039 3746 septimo,
1063 3665 1109 3729 ΙΙ.
1134 3664 1295 3730 kalendas
1318 3662 1469 3730 ianuarii.

719 3801 775 3856 Die
786 3803 902 3871 Vorlope
920 3803 986 3872 133³,
1005 3805 1058 3858 315
1075 3805 1193 3870 „Barth
1206 3805 1245 3859 St.
1259 3805 1294 3858 B.
1309 3804 1370 3873 ΙΙΙ,
1384 3807 1427 3869 16,
1446 3805 1500 3858 alte
1513 3802 1722 3872 Baciebnuaff‘
1739 3803 1776 3856 ist
1794 3819 1848 3857 eoa
1862 3801 1963 3870 Krieyv
1974 3797 2037 3851 aicit

615 3891 778 3944 ucrecicbnet
799 3891 857 3946 und
871 3892 940 3958 jetet
966 3893 1039 3945 nicht
1061 3894 1136 3947 metr
1153 3893 1340 3960 aetseufindcn,
1365 3893 1452 3946 daber
1475 3892 1513 3946 ist
1537 3891 1587 3946 der
1610 3891 1708 3946 Druck
1725 3890 1784 3945 B.’s
1808 3890 1869 3944 bier
1890 3886 2036 3943 medeae.

613 3979 686 4032 Eine
703 3979 846 4044 Abscbrist
864 3980 912 4033 ἀοι·
935 3979 1064 4034 Urkundc
1081 3981 1150 4034 stadt
1168 3980 1572 4047 Rana.st.13ocuer,8eror
1583 3981 1636 4034 No.
1648 3984 1685 4034 25
1702 3979 1722 4043 s.
1738 3985 1772 4034 91
1782 3997 1806 4033 o.

400 4323 490 4398 722.
516 4333 679 4398 Gereonote
702 4335 911 4416 Er·2l›i.sob‹'ife
942 4335 1006 4398 tired
1030 4335 1184 4416 Bc'soledfe
1215 4337 1367 4400 cerleiben
1388 4335 1473 4400 allen
1497 4333 1687 4418 Gldubc'peo,
1713 4335 1824 4398 scalcke
1846 4335 1897 4397 die
1918 4331 2033 4413 Kapede

513 4440 568 4504 des
593 4441 738 4524 licitique
764 4441 868 4525 Georp
896 4463 938 4506 oo
961 4445 1115 4525 peruissent
1138 4442 1307 4526 Festiuyen
1330 4443 1482 4506 deserebam
1504 4441 1578 4506 oder
1602 4442 1652 4505 c'lcr
1674 4441 1870 4506 tt'obttbatm
1891 4439 1953 4503 und
1969 4437 2031 4500 Ver·

514 4547 701 4611 oeticbirrisse
723 4549 902 4626 arrrcrerulerr,
927 4551 1015 4612 uitreo
1040 4552 1284 4632 oierziptdpipea
1308 4549 1436 4612 Abloss.
1483 4548 1575 4626 Rom,
1601 4553 1696 4612 1297.

506 4687 677 4754 Universis
708 4696 821 4754 sancte
852 4689 967 4755 matris
991 4689 1127 4755 ecclesie
1151 4690 1235 4772 filiis,
1260 4693 1304 4756 ad
1326 4710 1408 4771 quos
1431 4696 1603 4771 presentes
1625 4690 1721 4756 litere
1745 4689 1961 4770 pervenerint,
1982 4701 2031 4749 nos

398 4793 451 4859 dei
480 4795 591 4877 gratia
620 4796 763 4862 Basilius
793 4795 1099 4874 Jerosolomitanus,
1132 4796 1303 4879 Philippus
1326 4796 1563 4878 salernitanus,
1589 4798 1828 4863 Bonaventura
1850 4791 2029 4878 segusino,

398 4900 651 4984 aromepiscopi3
678 4905 746 4968 Azo
764 4905 974 4982 (lasertanus,
999 4903 1373 4984 Bartholus01·tbanus,
1391 4903 1554 4968 Volradus
1570 4902 1887 4984 Brandeburgensis
1909 4902 2030 4982 Aqmar·

398 5009 459 5072 dus
489 5007 685 5091 Lucerinus,
718 5009 911 5092 Raynaldus
941 5008 1128 5090 Aletrinate,
1166 5009 1294 5074 Sabbas
1323 5009 1513 5090 Militensis,
1548 5009 1654 5074 irater
1683 5009 1821 5073 Maurus
1852 5001 2027 5078 Amiliensis

397 5114 544 5180 Iacobus
567 5115 766 5180 Acernensis
790 5121 824 5180 et
846 5115 1029 5180 Ademarus
1045 5115 1231 5196 HostensiS,
1256 5114 1410 5197 episcopi,
1435 5115 1574 5181 salutem
1596 5115 1632 5180 in
1655 5114 1783 5179 domino
1807 5113 2026 5194 sempiternam.

398 5219 492 5285 Licet
514 5219 553 5302 ie,
579 5225 618 5286 de
644 5221 734 5287 cuius
757 5241 890 5286 munere
914 5219 1014 5300 venit,
1040 5227 1076 5286 ut
1100 5220 1163 5286 sibi
1186 5241 1206 5286 a
1230 5221 1297 5286 suis
1312 5220 1461 5286 fidelibus
1478 5221 1576 5304 digne
1592 5239 1631 5286 ac
1646 5219 1858 5286 laudabiliter
1874 5215 2026 5287 serviatur,

398 5329 437 5391 de
471 5328 675 5393 abundantia
707 5327 841 5410 pietatis
875 5347 931 5392 sue
962 5325 1081 5392 merita
1111 5326 1303 5408 supplicium
1335 5329 1512 5408 carcedone,
1544 5333 1578 5391 et
1608 5332 1687 5393 vota
1716 5327 1800 5390 bene
1831 5321 2027 5391 servientibus

396 5434 497 5498 multo
529 5434 654 5500 maiora
684 5433 809 5514 tribuit,
841 5452 937 5513 quam
968 5432 1104 5499 valcant
1135 5432 1330 5514 promereri;
1362 5432 1588 5499 desiderantes
1619 5439 1729 5497 tamen
1760 5431 1888 5497 domino
1910 5429 2025 5494 reddere

398 5541 550 5621 populum
575 5540 820 5622 acceptabilem,
845 5539 957 5605 fideles
977 5537 1100 5604 Christi
1124 5542 1166 5605 ad
1190 5540 1478 5620 complacendum·
1499 5537 1530 5604 ei
1552 5537 1647 5619 quasi
1670 5536 1864 5617 quibusdam
1887 5528 2025 5602 allectivis

664 5737 689 5786 a)
704 5731 733 5776 B.
748 5731 979 5786 ,complacandum
