4400 6384
882 326 949 379 1281
971 324 1117 379 December
1135 326 1160 379 3.
1782 328 1846 390 217

193 522 346 589 noticiam
372 523 518 603 cupimus
538 522 562 593 ll
581 522 764 603 pervenire,
797 524 881 601 quod
915 540 987 586 cum
1011 540 1070 601 per
1102 525 1314 587 reverendum
1349 529 1477 603 patrem
1507 521 1669 587 domiuum
1700 528 1847 587 nostrum

193 630 418 719 wernherum,
444 628 726 710 archiepiscopum
749 628 987 710 Maguntinum,
1020 635 1053 693 et
1084 628 1194 708 plures
1213 627 1237 699 ll
1256 628 1380 694 nobiles
1411 628 1492 694 alios
1524 626 1660 694 clericos
1688 635 1721 693 et
1744 627 1847 694 laicos

194 735 341 802 diversos
366 744 398 801 et
422 734 535 802 varias
567 756 606 800 ac
629 735 825 817 inportunas
851 754 964 816 preces
997 735 1108 817 sepius
1131 735 1341 800 habuerimus
1365 754 1464 816 super
1487 733 1684 816 recipiendis
1708 733 1847 801 diversis

193 842 342 923 personis
365 842 399 907 in
423 848 538 909 nostra
563 841 702 907 ecclesia
726 844 766 906 ad
797 843 981 923 prebendas
1011 842 1140 922 aliquas
1170 860 1234 906 non
1258 848 1428 922 vacantes,
1460 862 1519 908 nos
1543 840 1790 907 considerantes
1814 848 1847 905 et

194 948 319 1031 plenius
358 952 579 1029 attendentes
620 950 705 1028 qrrod
745 948 949 1029 receptiones
988 948 1172 1015 huiusmodi
1210 949 1343 1014 obvient
1382 948 1549 1015 canonicis
1587 946 1766 1029 institutis,
1807 967 1847 1013 ac

196 1056 343 1123 volentes
360 1054 602 1137 receptionibus
626 1055 811 1120 huiusmodi
834 1054 1012 1121 salubriter
1036 1055 1181 1133 obviare,
1206 1075 1266 1121 nos
1282 1055 1429 1121 universi
1444 1062 1477 1119 et
1494 1055 1623 1137 singuli,
1641 1054 1794 1120 videlicet
1810 1056 1845 1120 (t.

193 1165 338 1227 decanus
373 1161 592 1243 supradictus,
636 1163 805 1227 Jolrannes
841 1162 919 1243 Leo,
954 1163 1124 1228 Jolrannes
1159 1165 1197 1227 de
1230 1162 1417 1244 Maguncia,
1451 1161 1609 1227 Albertus
1641 1162 1681 1226 de
1714 1161 1845 1239 Carbin,

192 1271 224 1335 J.
251 1268 454 1345 scolasticus,
488 1268 672 1333 cristianus
704 1276 828 1349 cantor,
864 1271 982 1335 Petrus
1015 1272 1054 1335 de
1087 1269 1301 1351 Ingelnbeim,
1333 1271 1451 1335 Petrus
1482 1272 1625 1334 decanus
1658 1270 1697 1333 de
1725 1267 1847 1333 Bobiu-

193 1378 284 1458 bcrg,
319 1376 489 1441 {lohannes
522 1378 561 1440 de
588 1375 823 1455 Bcddinlrusin,
852 1376 1026 1442 bonafide
1056 1376 1280 1458 promittimus
1308 1383 1342 1442 et
1367 1376 1550 1441 iuramento
1579 1374 1718 1456 prestito
1747 1373 1847 1440 tactis

193 1482 415 1547 sacrosanctis
449 1481 637 1565 euangeliis
670 1482 836 1548 firmamus
869 1481 1077 1564 presentibus
1109 1481 1231 1548 litteris
1265 1488 1299 1547 et
1330 1481 1504 1562 vallamus,
1547 1482 1632 1561 quod
1665 1483 1704 1546 de
1737 1488 1846 1547 cetero

193 1589 314 1653 nullam
338 1607 511 1669 personam
545 1594 831 1669 putantumcunque
863 1588 1003 1653 nobilem
1035 1589 1068 1654 in
1102 1596 1217 1654 nostra
1250 1588 1390 1655 ecclesia
1422 1587 1618 1669 recipiamus
1642 1586 1675 1652 in
1699 1594 1846 1653 nostrum

193 1696 351 1760 decanum
376 1695 428 1761 vel
451 1693 661 1775 confratrem,
687 1694 751 1760 nisi
767 1694 858 1776 prius
875 1697 1041 1776 prebenda
1056 1695 1089 1760 in
1107 1695 1246 1761 ecclesia
1263 1700 1378 1761 nostra
1394 1702 1500 1775 vacet,
1519 1697 1560 1759 ad
1578 1714 1674 1774 quam
1691 1693 1846 1759 canonice

192 1800 295 1882 recipi
318 1800 430 1866 valeat
460 1794 558 1882 atque
594 1801 689 1877 iuste,
721 1802 869 1867 volentes
902 1808 1063 1868 statutum
1093 1802 1254 1867 hactenus
1289 1821 1457 1867 numerum
1491 1801 1525 1866 in
1563 1807 1678 1867 nostra
1708 1799 1848 1866 ecclesia

193 1910 380 1973 obseruare.
429 1908 467 1972 ln
492 1908 583 1973 curius
608 1908 655 1973 rei
679 1907 899 1973 testimonium
924 1928 983 1973 nos
1007 1908 1128 1991 singuli
1152 1908 1333 1989 supradicti
1357 1908 1488 1990 singula
1511 1907 1620 1990 sigilla
1644 1913 1758 1972 nostra
1780 1926 1847 1972 una

192 2033 265 2079 curn
300 2010 406 2096 sigillo
440 2014 576 2079 ecclesie
609 2021 722 2080 nostre
756 2014 964 2096 presentibus
996 2014 1118 2080 litteris
1152 2014 1301 2079 duximus
1334 2016 1560 2096 appendenda.
1631 2013 1703 2095 Ego
1736 2014 1772 2077 P.
1807 2016 1847 2077 de

192 2120 383 2203 Babinberg
408 2120 576 2202 predictus
601 2127 774 2186 contentus
799 2140 869 2185 sum
893 2120 999 2204 sigillo
1025 2120 1161 2186 ecclesie
1184 2140 1254 2186 mec
1271 2120 1427 2201 predicte.
1473 2121 1593 2185 Actum
1617 2138 1703 2185 anno
1727 2118 1848 2184 domini

192 2228 232 2291 rb.
251 2248 293 2292 cc
312 2226 443 2293 lXXX.
464 2226 577 2309 primo,
606 2228 647 2292 X.
666 2228 826 2293 kalendas
851 2228 1003 2293 octobris.

409 2360 454 2413 Or.
468 2360 556 2429 Ppmt.
601 2352 775 2428 rlnla'iapaml
800 2362 828 2421 1)
850 2358 1021 2427 Siiftssr'eprl,
1046 2364 1075 2425 2)
1099 2360 1150 2414 dac
1175 2360 1221 2413 des
1239 2359 1406 2423 Dccbonteu,
1432 2361 1461 2425 3)
1480 2359 1526 2412 des
1544 2358 1684 2412 Jotaanes
1701 2359 1758 2412 Leo
1778 2362 1846 2422 (rer-

382 2456 385 2461 '
445 2450 595 2515 brochon),
622 2453 651 2513 4)
671 2449 717 2502 der
735 2448 901 2502 Kanopikos
919 2449 1029 2503 Jolruan
1050 2466 1101 2503 coa
1121 2449 1227 2515 Maiae,
1252 2453 1281 2515 5)
1302 2449 1347 2502 dec
1365 2448 1531 2502 Kcnrmilcuc
1549 2448 1644 2501 Albert
1662 2464 1714 2500 coa
1734 2445 1847 2513 Gorben,

460 2540 487 2601 b')
513 2538 682 2605 cerbrocben,
712 2539 736 2603 7)
763 2538 808 2591 dee
834 2537 959 2591 Kantorr
985 2537 1134 2605 Christian,
1160 2542 1189 2603 8)
1216 2538 1261 2590 des
1288 2537 1453 2590 Kcaonibua
1476 2538 1575 2590 Petrus
1599 2554 1652 2590 oon
1669 2535 1846 2606 Ingebabeim,

459 2630 487 2689 O)
507 2626 553 2679 des
571 2626 736 2680 Kanobikos
754 2626 894 2680 cortanna·
912 2644 963 2681 roa-
977 2627 1187 2680 Bettenbausen.
1227 2626 1264 2680 St.
1279 2628 1313 2679 A.
1330 2626 1380 2679 Fr.
1394 2626 1493 2679 Barca
1508 2624 1546 2678 St.
1561 2625 1613 2679 No.
1627 2628 1706 2680 2014.

408 2714 639 2783 Gerr..·13,2or
658 2715 728 2768 narb
747 2716 805 2768 clera
826 2716 871 2770 Or.
893 2757 898 2769 .
919 2776 921 2785 y

411 2803 504 2857 Vera:
522 2804 597 2872 Will,
617 2804 723 2880 diuina.
737 2804 813 2874 Κεφ,
828 2805 920 2857 XXX
926 2804 983 2869 VI,
997 2806 1049 2857 No.
1065 2806 1124 2858 521.

190 3010 284 3083 451.
311 3017 380 3101 Dus
404 3016 554 3083 llIuin-rcr
585 3019 743 3102 prisiliclm
768 3020 896 3083 Ocrirlrt
929 3020 1127 3099 brendanum,
1161 3021 1238 3084 dass
1270 3022 1326 3083 ‹lrr
1352 3022 1507 3084 rarissimo
1530 3020 1589 3084 dum
1613 3019 1764 3081 Brr'r'rlrro
1790 3039 1848 3080 ron

310 3124 550 3190 Hrrrsmrslunun
576 3126 640 3189 und
662 3126 730 3189 dcnr
754 3124 1090 3190 Deutsclrordeolmusc
1113 3149 1153 3189 arr
1178 3128 1437 3191 Scrclrsrnlmusru
1462 3148 1513 3189 zerra
1531 3128 1631 3189 Gritcr
1655 3126 1776 3188 iurand
1801 3125 1848 3189 bcr'

309 3232 481 3296 Bornlutr‘nr
504 3234 650 3318 populare
672 3233 876 3297 Iu'rrltlrstrrit
898 3234 998 3297 dnrclt
1021 3234 1081 3296 clem
1098 3233 1242 3297 Vcrrr'rlrt
1265 3235 1321 3297 der·
1350 3238 1587 3317 erstpcrmrmirn
1618 3232 1765 3315 beipclept
1795 3234 1845 3310 ist,

311 3340 375 3402 urard
404 3340 482 3403 dass
511 3341 561 3403 dic
593 3342 733 3403 meite-rra
755 3339 958 3420 Differcoramr
987 3341 1063 3403 iiber
1093 3341 1208 3404 (rrulcre
1237 3340 1308 3403 doct
1336 3340 1478 3423 prlcpmrc
1503 3340 1603 3402 Giiter
1632 3338 1733 3402 (lurcb
1759 3341 1848 3401 cirtca

309 3446 536 3510 Srlricrlsmuno
561 3447 718 3530 bcylicbmt
741 3447 864 3511 'rocrdmt
887 3447 993 3511 sollum.
1041 3446 1165 3525 Mutina,
1190 3451 1276 3510 1281
1300 3445 1470 3509 December
1492 3451 1523 3510 3.
1622 3494 1626 3497 .

299 3578 429 3643 ludices
460 3584 574 3644 sancte
605 3578 795 3661 Maguntinc
822 3578 918 3644 sedis.
967 3579 1094 3644 'fenore
1126 3578 1324 3661 presentium
1353 3578 1616 3662 recognoscimus
1641 3586 1674 3643 et
1697 3575 1840 3642 latemur

192 3693 226 3749 et
252 3686 295 3748 ad
318 3684 473 3750 noticiam
497 3684 669 3767 peruenire
694 3685 840 3767 cupimus
864 3685 1063 3767 singulorum
1089 3692 1156 3750 tam
1181 3685 1381 3767 presentium
1404 3705 1499 3767 quam
1519 3692 1734 3766 posterorum,
1760 3687 1845 3763 quod

192 3811 266 3855 curn
290 3790 376 3856 inter
400 3790 570 3874 religiosos
594 3791 684 3857 viros
702 3789 748 3863 ll.
769 3844 775 3855 .
794 3794 1089 3858 commendatorem
1113 3799 1146 3856 et
1170 3790 1293 3857 iratres
1310 3790 1511 3857 l'heutonice
1528 3794 1642 3856 domus
1659 3790 1692 3854 in
1710 3790 1847 3855 Sasscn-

190 3899 296 3963 husen
327 3901 413 3979 apud
444 3898 684 3964 Frankenrord
717 3918 756 3963 ex
789 3905 883 3980 parte
915 3918 991 3979 una,
1024 3905 1056 3963 ct
1091 3898 1178 3964 inter
1214 3897 1369 3963 Silridum
1400 3898 1544 3978 militem,
1577 3898 1782 3963 Gerhardum
1813 3900 1847 3961 et

192 4006 378 4070 Conradum
402 4007 441 4070 de
465 4004 666 4069 Husenstam
691 4003 814 4070 iratres
837 4005 940 4071 laicos
964 4026 1004 4071 cx
1028 4006 1145 4086 altera,
1171 4026 1270 4088 super
1288 4006 1313 4077 ll
1330 4005 1424 4071 bonis
1447 4003 1632 4069 iacentibus
1648 4002 1681 4068 in
1699 4002 1846 4067 terminis

191 4130 251 4175 seu
276 4110 487 4192 pertinenciis
511 4111 588 4177 ville
604 4112 790 4193 Burnlreim,
816 4132 951 4192 quorum
976 4114 1119 4179 confines
1144 4119 1221 4178 sunt
1237 4113 1335 4177 tales:
1360 4111 1393 4176 in
1411 4129 1535 4192 campo,
1562 4109 1617 4190 qui
1636 4108 1847 4191 vulgariterl

192 4217 381 4299 appellatur
411 4238 451 4283 zu
482 4221 545 4284 den
569 4216 755 4299 Vuruuere,b
778 4219 887 4284 iacent
917 4218 984 4283 tria
1007 4219 1124 4301 iugera
1147 4219 1240 4284 iuxta
1264 4218 1490 4284 Hertwicum⁰
1512 4218 1684 4282 cerdonem
1702 4214 1728 4288 ll
1745 4235 1846 4297 prope

190 4324 313 4405 villam,
338 4324 416 4391 item
448 4334 590 4407 quatuor
621 4325 737 4409 iugera
768 4325 862 4391 iuxta
887 4327 1071 4391 Conradum
1103 4325 1225 4390 dictum
1249 4326 1384 4390 Houbet
1407 4324 1476 4389 sive
1501 4325 1618 4403 Caput,
1647 4322 1725 4387 item
1748 4341 1847 4386 unum

190 4432 286 4515 iuger
317 4432 411 4496 iuxta
445 4434 630 4497 Conradum
663 4432 785 4498 dictum
816 4432 1067 4522 llortchenboiS,
1100 4433 1178 4498 item
1208 4431 1372 4498 dimidium
1403 4430 1497 4513 iuger
1527 4429 1621 4494 iuxta
1644 4428 1847 4495 Hertwicum

192 4540 379 4619 cerdonem,
413 4536 490 4603 item
523 4538 688 4604 dimidium
719 4538 813 4623 iugcr
845 4539 938 4605 iuxta
972 4540 1155 4621 predictum
1186 4537 1389 4604 Hertwicum
1423 4540 1512 4618 apud
1544 4536 1640 4616 viam,
1667 4555 1728 4616 que
1757 4534 1847 4600 ducit

191 4643 356 4725 b'elwilre,
382 4644 460 4709 item
492 4663 592 4710 unum
620 4645 713 4729 iugcr
736 4645 830 4711 iuxta
854 4646 1036 4727 predictum
1060 4646 1280 4727 Hertwicum;
1305 4644 1383 4709 item
1406 4644 1439 4708 in
1465 4663 1579 4724 campo
1604 4661 1720 4707 versus
1736 4641 1845 4707 villam

191 4750 465 4833 Bruningesheim
490 4753 553 4816 duo
577 4752 692 4835 iugera
715 4752 809 4817 iuxta
832 4751 1036 4819 Hertwicum
1060 4756 1241 4833 cerdonem,
1267 4752 1345 4816 item
1367 4750 1462 4815 iuxta
1485 4751 1621 4815 eundem
1644 4747 1847 4813 Hertwicum

192 4858 259 4923 tria
290 4857 414 4940 iugera,
446 4857 523 4923 item
555 4865 644 4923 retro
676 4877 784 4939 sepem
816 4858 958 4924 Conradi
989 4858 1068 4923 dicti
1098 4860 1232 4925 Houbet
1262 4858 1331 4923 sive
1356 4860 1463 4938 caput
1494 4875 1593 4921 unum
1625 4855 1736 4938 iuger;
1768 4853 1846 4919 item

191 4964 224 5031 in
251 4985 376 5047 campo,
402 4964 457 5045 qui
481 4964 601 5030 dicitur
620 4964 770 5049 Ritberg,
796 4985 894 5030 unum
918 4965 1011 5049 inger
1035 4966 1129 5031 iuxta
1146 4968 1330 5031 Conradum
1354 4964 1476 5029 dictum
1492 4964 1625 5029 Houbet
1643 4963 1711 5029 sive
1729 4964 1845 5043 Caput,

190 5073 271 5139 item
296 5072 389 5137 iuxta
413 5074 548 5137 eundem
575 5074 760 5137 (lonradum
784 5076 845 5138 duo
862 5072 978 5155 iugera
994 5093 1034 5137 zu
1051 5075 1109 5137 der
1126 5076 1256 5139 Grozen
1272 5072 1410 5149 buchen,
1435 5070 1513 5135 item
1530 5089 1628 5135 unum
1644 5069 1738 5152 inger
1753 5068 1848 5133 iuxta

192 5181 380 5245 Conradum
404 5178 525 5244 dictum
538 5178 748 5260 Rosdoriere,
762 5179 841 5244 item
858 5179 923 5244 tria
939 5179 1054 5262 iugera
1069 5179 1164 5244 iuxta
1179 5178 1381 5244 Hertwicum
1400 5180 1571 5243 cerdonem
1588 5184 1621 5241 et
1633 5175 1845 5241 Bertholdum

192 5289 232 5351 de
258 5285 497 5369 Heldebcrgen,
529 5285 606 5351 item
638 5286 760 5352 curiam
790 5286 824 5351 in
848 5286 927 5354 uilla
951 5286 1127 5352 Burnlreim
1152 5286 1249 5351 sitam
1273 5285 1367 5351 iuxta
1389 5284 1592 5350 Hertwicum
1617 5283 1787 5348 cerdonem
1811 5280 1844 5346 in

192 5400 314 5473 strata,
340 5413 401 5473 que
426 5392 612 5474 appellatur
629 5392 831 5475 Steingazzc,
857 5392 996 5458 materia
1020 5392 1201 5473 questionis
1225 5399 1258 5457 ct
1282 5390 1505 5457 contencionis
1526 5387 1723 5469 aliquamdiu
1742 5394 1848 5453 verte-

192 5507 296 5579 retur,
323 5503 454 5565 tandem
477 5499 574 5565 iidem
598 5496 721 5564 iratres
737 5498 922 5580 HeinricuS,
945 5497 1096 5582 Spiridus
1120 5497 1240 5564 milites
1264 5505 1297 5563 et
1319 5498 1511 5565 Gerhardus
1528 5495 1668 5577 predicti
1683 5494 1716 5560 in
1732 5501 1848 5560 nostra

192 5604 364 5687 presentia
387 5606 560 5672 constituti
584 5606 806 5671 ellestucando
831 5605 1109 5672 renunciaverunt
1133 5605 1326 5687 simpliciter
1350 5611 1384 5669 et
1407 5622 1561 5685 expresse
1586 5622 1646 5684 pro
1671 5621 1706 5667 se
1730 5607 1764 5666 et
1780 5600 1847 5666 suis

463 5789 486 5831 ar
501 5780 542 5825 Or.
559 5781 719 5834 ,wlgcrlter·.
749 5782 772 5830 b)
789 5782 830 5823 Or.
842 5781 982 5831 „Wrwere“.
1011 5791 1033 5830 c)
1050 5780 1091 5824 Or.
1108 5781 1166 5823 iiber
1180 5780 1270 5823 Rusur.

247 5896 413 5940 anklrrter
429 5897 623 5941 urkundenbuch
639 5898 653 5939 1.
1689 5886 1724 5937 ⁸28
