4400 6384
824 393 893 448 1314
912 391 1068 462 September
1087 395 1129 450 16.
1738 397 1804 462 503

149 588 183 654 in
215 587 279 653 hiis
313 587 456 670 scriptis
488 587 627 654 ulterius
660 596 777 655 contra
810 609 874 669 eos
910 597 1009 671 prout
1039 610 1149 659 eorum
1183 591 1383 697 protervitas
1417 592 1573 676 exegerit,
1608 589 1802 674 processuri.

150 695 273 760 Datum
289 694 467 778 Mogontia,
493 714 579 760 anno
604 693 723 761 domini
747 696 787 761 rb.
813 715 878 762 ccc.
902 704 1019 778 quarto
1037 696 1171 779 decimo,
1189 697 1264 764 VII.
1278 696 1351 764 idus
1367 697 1511 782 augusti.
1553 699 1666 764 Redde
1681 696 1805 763 litteras

149 800 256 884 sigillo
280 806 338 867 tuo
362 799 513 885 signatas
536 799 569 866 in
594 799 722 886 signum
746 801 952 869 executionis
976 801 1074 870 facte.

365 941 411 996 Or.
424 941 512 1013 Ppmt.
550 943 613 998 Dae
630 942 718 1012 Siepel
735 943 772 998 ist
789 943 952 1014 obponi-ileu.
992 945 1138 1013 Manciam,
1156 945 1357 1001 Reidrearcbiv.

365 1031 465 1086 (hdr..-
482 1031 661 1101 Wetrdtweia,
681 1031 789 1088 Sabeid.
805 1033 891 1103 nipe,
911 1034 936 1101 I,
955 1037 1011 1089 426
1030 1047 1062 1081 ·‘--
1082 1036 1128 1105 B.,
1146 1037 1208 1090 407.

365 1119 479 1190 Repeat:
496 1120 675 1190 Wdrdteoein,
688 1121 759 1177 Noa,
771 1121 858 1189 Sabe..
872 1122 902 1192 V,
916 1122 1042 1190 Vorrede,
1057 1123 1175 1179 XXXI.
1203 1121 1554 1194 manutentorem,
1568 1126 1621 1179 110
1634 1141 1671 1178 aa
1682 1125 1760 1178 1299.
1770 1125 1804 1189 (t)

147 1361 241 1438 972.
264 1370 338 1437 Dus
368 1371 680 1457 Aepustiuerbloster
709 1395 749 1438 ru
779 1372 957 1458 Friedberp
988 1375 1188 1454 bcurbaadct,
1218 1375 1296 1440 dass
1325 1375 1382 1439 cler
1404 1373 1623 1439 Loienbruder
1652 1373 1806 1438 Bertbold

265 1481 349 1544 seiae
370 1477 485 1560 frriber
507 1480 578 1544 dem
600 1478 732 1545 Klosier
755 1481 957 1564 praebeattaa
973 1481 1191 1565 Besitaanpea
1212 1484 1248 1545 ia
1267 1482 1433 1547 Woustadt
1455 1502 1500 1545 aa
1521 1481 1572 1545 die
1586 1479 1806 1561 Fraakfurter

264 1583 430 1669 Biirperia
452 1583 649 1650 Karbeibort
673 1585 818 1668 uerlrauft
841 1587 904 1652 aa.
955 1591 1041 1651 1314
1064 1588 1241 1668 September
1265 1594 1317 1652 16.

257 1726 305 1792 Ut
343 1745 392 1808 ea,
428 1744 490 1807 que
529 1734 673 1810 aguntur
710 1726 745 1793 in
780 1734 935 1810 tempore,
972 1726 1129 1795 oblivioni
1163 1748 1227 1794 non
1262 1733 1471 1810 readanturr
1503 1747 1637 1795 necesse
1672 1734 1732 1807 est,
1769 1734 1806 1792 ut

150 1831 392 1914 scripturarum
417 1829 603 1898 testimonio
627 1834 833 1899 roborentur.
873 1834 959 1900 Hinc
983 1841 1043 1916 est,
1069 1837 1156 1917 quod
1179 1854 1238 1901 nos
1254 1834 1345 1916 prior
1361 1842 1394 1901 et
1410 1833 1635 1917 prolicurator
1651 1839 1805 1914 totusque

150 1943 333 2004 conventus
361 1934 502 2005 fratrum
526 1939 769 2006 Herenritarum
794 1939 917 2006 ordinis
941 1941 1050 2007 sancti
1072 1941 1253 2025 Augustini
1277 1941 1390 2007 domus
1412 1940 1446 2006 in
1469 1939 1653 2023 Frideberg
1676 1938 1805 2020 publice

150 2043 342 2124 profitemur
369 2043 405 2110 in
433 2043 496 2110 hiis
524 2044 673 2128 scriptia,
705 2048 791 2128 quod
820 2044 927 2112 irater
950 2047 1127 2113 Bertoldus
1156 2046 1262 2114 laicus
1279 2045 1305 2120 ll
1322 2045 1442 2130 spiritu
1473 2052 1589 2113 sancto
1620 2045 1805 2127 inspirante

149 2167 324 2230 personam
355 2157 389 2216 et
417 2170 481 2230 rea,
513 2151 641 2218 scilicet
670 2151 704 2218 in
719 2153 921 2220 Wullenstat
950 2153 1043 2236 sitas,
1069 2159 1182 2220 nostro
1214 2153 1391 2221 conventui
1420 2153 1562 2220 contulit
1591 2160 1626 2218 et
1655 2151 1803 2233 donavit,

149 2259 301 2338 donatas,
327 2262 441 2322 nostro
465 2261 643 2324 accedente
668 2278 838 2341 consensu,
862 2266 900 2326 ut
924 2259 1126 2342 peculiniam
1150 2279 1209 2342 pro
1233 2259 1353 2326 eisdem
1376 2260 1472 2326 bonis
1488 2266 1655 2341 receptam
1670 2258 1705 2324 ln
1721 2258 1805 2325 alios

149 2381 228 2428 usus
260 2362 367 2429 nostri
393 2371 575 2430 conventus
599 2371 792 2432 convertere
816 2384 994 2449 possemus
1020 2365 1169 2434 vendidit
1192 2374 1226 2432 et
1249 2386 1360 2433 coram
1383 2365 1529 2433 scabinis
1552 2373 1587 2432 et
1610 2365 1684 2433 aliis
1707 2383 1805 2446 quam

149 2468 299 2550 pluribus
322 2469 495 2554 fidedignis
518 2471 595 2540 ville
618 2470 765 2554 predicte
782 2472 902 2540 civisse
918 2471 952 2538 in
968 2470 1218 2539 Franckeniurt
1234 2473 1320 2540 dicte
1336 2474 1587 2554 Kachelhetten‚
1613 2491 1675 2554 que
1692 2471 1805 2537 eadem

148 2576 236 2642 bona
267 2597 326 2659 pro
351 2577 501 2644 XXXII.
523 2577 643 2645 marcis
674 2578 881 2645 denarIorum
906 2579 1155 2662 coloniensium,
1181 2579 1326 2662 quolibet
1355 2580 1490 2647 denario
1522 2599 1581 2663 pro
1605 2578 1713 2645 tribus
1735 2577 1805 2643 hal-

148 2681 295 2749 lensibus
326 2691 531 2767 computato,
564 2685 777 2768 comparavit,
809 2686 939 2768 publice
969 2685 1169 2770 resignavit3
1201 2707 1261 2754 nos
1290 2687 1394 2772 igitur
1425 2686 1515 2770 prior
1545 2693 1580 2752 et
1609 2691 1805 2768 procurator

150 2795 305 2871 totusque
322 2797 504 2858 conventus
520 2791 644 2857 ordinis
661 2791 816 2873 prelibati
832 2792 1014 2873 predict-am
1026 2793 1252 2860 vendicionem
1264 2795 1485 2876 approbamus
1499 2799 1533 2861 et
1545 2791 1805 2875 resignaoionem

150 2898 325 2962 eorundem
355 2899 514 2964 bonorum
544 2917 654 2964 coram
684 2899 810 2966 civibus
833 2899 1161 2982 Fridebergensibus‚
1187 2899 1314 2966 scilicet
1344 2899 1431 2966 dicto
1455 2899 1564 2981 Engel
1595 2905 1629 2964 et
1651 2898 1693 2963 H.
1716 2896 1803 2962 dicto

150 3001 234 3067 Rule
259 3009 292 3068 et
308 3002 434 3069 Linunt
457 3006 497 3070 de
514 3004 758 3086 Reidelshoien,
781 3004 1046 3072 irrevocabiliter
1069 3007 1281 3072 ratificamus.
1328 3007 1375 3071 Et
1397 3012 1435 3072 ut
1451 3005 1603 3089 predicta
1618 3000 1803 3087 resignatio

149 3105 411 3176 irrevocabiliter
440 3118 517 3178 rata
547 3118 579 3177 et
609 3112 704 3178 firma
733 3118 935 3194 permaneat,
968 3112 1115 3194 predicte
1146 3112 1260 3179 relicte
1291 3119 1461 3194 presentes
1492 3111 1614 3177 litteras
1644 3109 1751 3215 sigillo
1769 3160 1803 3174 ..

150 3213 269 3297 prioris
293 3222 327 3282 et
351 3223 533 3284 conventus
557 3215 716 3284 tradimus
741 3217 964 3284 communitas.
1005 3219 1129 3285 Datum
1153 3238 1238 3285 anno
1263 3216 1384 3284 domini
1407 3219 1448 3283 nir.
1471 3237 1537 3284 ccc.
1562 3217 1690 3298 XIHI.,
1711 3215 1802 3281 XVI.

150 3323 311 3390 kalendas
335 3323 490 3390 octobris.

366 3463 412 3519 Or.
426 3464 514 3536 Pymt.
552 3465 611 3520 Von
628 3465 681 3520 den
700 3466 899 3537 aabdaqeadea
916 3466 1024 3536 Sieyela
1042 3466 1079 3522 iet
1097 3467 1149 3522 dae
1167 3472 1235 3521 crete
1253 3464 1416 3536 besebddiqt
1435 3465 1487 3520 dae
1504 3464 1596 3519 meite
1614 3480 1670 3518 aar
1687 3462 1805 3516 adobin

417 3555 624 3610 Braebstbclcen
641 3556 805 3610 sabaarim.
843 3554 919 3610 Lieb.

368 3643 468 3698 Gella:
486 3645 587 3700 Arueb.
606 3643 696 3712 Urlrb„
714 3648 769 3698 292
788 3645 931 3715 (pdoiirat).
