4400 6384
365 284 433 347 240
1091 283 1161 337 1285
1180 282 1235 336 hlsi
1255 284 1297 337 28.

371 496 491 541 annum
515 476 682 543 civitatem
707 484 864 559 nostram,
890 478 1005 559 cuique
1027 478 1196 545 civitatum
1214 480 1375 545 dictarum
1392 479 1564 545 tribuendo
1580 500 1709 546 marcas
1726 482 1845 562 decem,
1871 482 1899 547 si
1914 482 2016 548 eidem

362 580 485 648 fuerint
509 580 703 665 facultates;
729 604 791 664 que
815 583 843 649 si
867 604 931 649 non
955 582 1087 667 fuerint,
1113 584 1202 667 ipsos
1225 606 1335 652 muros
1351 592 1464 651 nostre
1480 586 1626 653 civitatis
1642 607 1715 652 cum
1739 588 1849 669 pueris
1865 596 1899 653 et
1914 608 2015 654 uxore

366 688 522 754 eicientes
553 697 650 756 extra
680 710 736 755 eos
761 710 952 771 permanere
976 691 1214 774 perpetualiter
1237 690 1405 758 faciemus.
1430 692 1478 777 (4)
1503 692 1671 758 Adicimus
1693 693 1806 774 itaque
1830 696 1901 772 hoc,
1926 702 1964 759 ut
1987 696 2016 760 si

361 794 459 859 alicui
490 794 662 861 civitatum
693 799 869 863 earundem
901 798 1011 879 ahqua
1041 798 1205 881 ingruerit
1235 798 1427 879 necessitas,
1459 819 1519 864 nos
1549 799 1700 881 requisiti
1729 803 1841 865 decem
1865 800 2015 881 personis

360 921 433 966 cum
462 901 586 968 nostris
619 902 772 984 expensis
802 924 863 969 nec
894 904 1113 987 paucioribus,
1146 905 1242 973 immo
1274 906 1302 972 si
1325 905 1508 971 necessitas
1532 912 1630 972 tanta
1652 904 1763 988 fuerit,
1789 907 1870 972 totis
1893 907 2017 974 nostris

360 1006 486 1073 viribus
516 1008 619 1074 eidem
650 1008 684 1074 in
709 1009 865 1075 auxilium
889 1011 1065 1077 veniemus.
1091 1011 1140 1097 (ὁ)
1163 1014 1212 1078 Ne
1236 1019 1347 1078 autem
1369 1014 1429 1077 hec
1453 1012 1617 1079 ordinatio
1641 1013 1711 1079 sive
1736 1013 1906 1095 promissio
1931 1033 2014 1079 com-

359 1113 447 1179 muni
471 1114 609 1180 utilitati
631 1122 817 1181 nostrorum
843 1115 1018 1197 profutura
1034 1119 1183 1183 deleatur
1198 1118 1232 1183 in
1249 1119 1360 1199 aliqua
1376 1126 1480 1201 parte,
1507 1140 1565 1201 pro
1583 1126 1713 1185 centum
1729 1120 1849 1185 mareis
1869 1120 2015 1185 dedimus

358 1220 568 1286 fideiussores
602 1220 792 1287 civitatibus
825 1223 1034 1305 supradietis,
1069 1225 1124 1305 qui
1156 1224 1184 1290 si
1216 1225 1419 1308 inpetentur,
1454 1232 1488 1290 et
1520 1225 1803 1306 quocienscunque
1833 1226 2016 1292 huiusmodi

360 1326 523 1394 ordinatio
555 1327 623 1393 sive
649 1328 820 1409 promissio
846 1350 866 1395 a
889 1330 982 1396 nobis
1006 1330 1168 1396 iacturam
1192 1331 1319 1414 patitur
1343 1352 1400 1397 seu
1424 1331 1616 1413 fracturam,
1642 1332 1768 1399 tociens
1792 1353 1852 1414 pro
1876 1333 2015 1414 pecunia

359 1431 424 1498 iam
448 1433 537 1499 dicta
561 1434 707 1518 obligati,
732 1435 781 1501 ita
804 1438 889 1517 quod
913 1436 946 1501 in
970 1436 1117 1517 qualibet
1140 1436 1292 1504 fractura
1315 1458 1374 1518 pro
1399 1438 1537 1521 singulis
1560 1438 1679 1504 marcis
1696 1445 1827 1504 centum
1842 1438 2015 1505 intrabunt

361 1539 539 1621 civitatem,
572 1540 624 1606 cui
647 1541 817 1623 promissio
849 1542 896 1607 sic
919 1540 1029 1608 fracta
1057 1544 1249 1626 dinoscitur,
1275 1544 1399 1609 tamdiu
1423 1565 1512 1610 more
1534 1544 1737 1610 fideiussorio
1763 1544 1912 1625 soluturi,
1937 1565 2013 1626 quo-

360 1666 462 1727 usque
492 1648 576 1712 hanc
607 1647 777 1728 pecuniam
808 1649 1042 1729 persolvamus.
1091 1652 1159 1716 Nec
1189 1650 1353 1716 ordinatio
1385 1651 1454 1716 sive
1483 1650 1654 1731 promissio
1679 1651 1856 1733 prehabita
1879 1658 2014 1733 propter

360 1750 542 1819 fracturam
573 1754 671 1819 talem
702 1774 740 1819 eo
771 1754 875 1819 minus
908 1756 1011 1821 stabit
1041 1777 1100 1838 per
1131 1757 1302 1823 terminum
1335 1757 1530 1839 prefinitum.
1581 1758 1664 1823 Sunt
1693 1765 1803 1823 autem
1833 1757 1879 1822 hii
1909 1757 2013 1824 nostri

359 1859 607 1925 fideiussorem:
633 1861 806 1926 Volmarus
831 1863 870 1927 de
890 1862 1078 1943 Ovenbach,
1106 1863 1312 1930 Giselbertus
1336 1867 1376 1929 de
1392 1864 1591 1945 Holzhusen,
1616 1866 1735 1929 Petms
1751 1865 1791 1929 de
1807 1864 2012 1944 Eschebach,

358 1966 567 2032 Hermannus
598 1966 755 2047 Bichelin‚
787 1968 977 2035 Hartvvicus
1009 1972 1049 2034 de
1073 1970 1158 2050 Vite,
1185 1970 1376 2053 l'olgwinus
1408 1973 1448 2035 de
1471 1970 1688 2051 Wetphlaria,
1726 1970 1940 2036 Dilemannus
1974 1974 2014 2035 de

359 2071 503 2154 Colonia,
531 2072 619 2154 Siplo
644 2075 683 2138 de
708 2073 906 2156 Gisenheim
933 2076 1104 2141 Cunradus
1128 2076 1213 2141 filius
1226 2076 1382 2158 Volmari‚
1408 2084 1440 2142 et
1466 2078 1639 2143 Cunradus
1662 2077 1771 2141 dictus
1786 2077 2012 2156 Burneflecke,

359 2178 509 2244 concives
534 2180 647 2245 nostri.
696 2180 741 2245 ut
771 2184 813 2246 ad
844 2181 939 2247 huius
970 2184 1070 2247 robur
1097 2184 1158 2249 has
1181 2182 1312 2248 litteras
1336 2182 1452 2267 sigillis
1476 2183 1599 2249 nostris
1623 2183 1773 2249 duximus
1797 2185 2012 2249 roborandas.

359 2286 478 2350 Actum
502 2293 535 2350 et
559 2289 671 2351 datum
696 2306 780 2353 anno
805 2287 925 2354 domini
948 2288 1116 2354 millesimo
1141 2309 1186 2354 cc.
1209 2290 1341 2355 lXXX.
1364 2289 1487 2370 quinto,
1514 2288 1598 2355 feria
1621 2298 1742 2371 quarta
1765 2288 1967 2370 supradicta.

574 2426 618 2481 Or.
634 2428 720 2497 qut.
741 2430 790 2481 mit
815 2430 1016 2499 ablrarrpendem
1042 2430 1263 2498 Stodtsiepel(2).
1307 2430 1345 2484 St.
1361 2433 1395 2484 Α.
1410 2432 1531 2485 Wetzlnr
1550 2432 1602 2485 No.
1624 2434 1667 2485 26.
1694 2462 1728 2468 -ψ
1755 2430 1913 2495 Grotcsend.
1959 2430 2016 2484 Die

626 2518 842 2585 Geqenurlsunde
860 2536 910 2573 ron
932 2519 1082 2589 h‘n'edberp
1103 2521 1289 2583 (tollatioairt
1308 2521 1394 2575 ‹turch
1408 2521 1565 2587 Grotefbnd,
1583 2521 1618 2572 ih.
1631 2521 1683 2573 No.
1694 2525 1739 2586 21,
1756 2520 1830 2589 perir.
1842 2519 1883 2573 bei
1893 2519 2014 2572 Winket·

625 2622 718 2672 nrarrn,
731 2607 810 2671 Aeto,
824 2606 867 2671 11,
884 2610 947 2673 744)
967 2609 1068 2661 stirrrmt
1087 2610 1128 2662 bis
1146 2609 1203 2675 auf
1215 2610 1266 2661 den
1280 2610 1413 2679 Einpanq
1432 2610 1490 2662 aad
1509 2610 1553 2661 die
1565 2609 1753 2677 Bitrqerrrer'he
1772 2609 1819 2660 nuit
1837 2608 1887 2660 der
1901 2608 2014 2660 Frank·

624 2693 714 2757 furter
737 2694 865 2749 Urhunde
882 2697 1000 2749 charein.
1945 2686 1950 2691 ’

571 2782 671 2836 Gardt:
689 2782 733 2849 B,
751 2787 804 2837 218
823 2784 892 2837 nach
910 2784 969 2837 dem
991 2784 1035 2838 Or.
1057 2828 1062 2837 .

575 2871 666 2925 Vera:
685 2871 1072 2941 recensenturque,
1111 2873 1215 2939 Scriba,
1235 2873 1278 2941 II,
1298 2877 1359 2941 760,
1397 2874 1493 2940 Goera,
1514 2874 1691 2927 Mittedrhes'a.
1710 2874 1786 2941 Rep,
1799 2873 1818 2925 Ι
1822 2873 1853 2941 V,
1874 2874 1927 2926 No.
1942 2876 2013 2927 1245

622 2960 680 3013 und
700 2964 769 3015 1263
787 2978 823 3015 zu
841 2960 912 3015 June
929 2964 972 3014 27.

355 3412 446 3488 499.
472 3422 635 3487 Gertannte
658 3423 867 3505 Erebischbse
897 3425 962 3488 und
986 3425 1140 3506 Bischdfe
1169 3426 1315 3489 crtheilea
1341 3427 1401 3489 den
1424 3426 1608 3490 Boettcher-a
1631 3426 1698 3489 arrd
1719 3426 1933 3492 Woldtlu'ttera
1954 3429 2014 3491 der

471 3528 688 3610 Ilvam-furter
711 3529 1045 3595 Dorrtiailroaerhirehe
1068 3534 1157 3595 einen
1180 3531 1309 3596 Abloss.
1356 3532 1448 3611 Rom,
1474 3538 1560 3596 1235
1585 3532 1659 3596 hiat
1681 3539 1734 3595 2⁸.

462 3671 634 3739 Universis
658 3671 780 3738 Christi
803 3672 962 3753 fidelibus,
993 3675 1036 3738 ad
1059 3693 1141 3754 quos
1164 3678 1335 3755 presentes
1358 3672 1469 3737 littere
1493 3673 1714 3755 pervenerint,
1739 3693 1799 3739 nos
1822 3674 1875 3740 dei
1898 3676 2016 3759 gracia

354 3779 472 3843 Petrus
496 3777 694 3843 Arborensis
725 3786 759 3843 et
778 3780 801 3849 ll
819 3778 983 3861 Rogemus
1006 3778 1156 3860 Pisanus
1190 3778 1437 3861 archiepiscopi,
1470 3776 1577 3844 frater
1601 3780 1809 3845 Theobaldus
1838 3783 2013 3865 Canensis

356 3884 423 3949 Leo
438 3884 715 3965 (thalamonensis
733 3885 928 3951 'Pholemeos
945 3886 1172 3966 Sardanensis,
1190 3888 1214 3952 J
1215 3886 1360 3951 ohannes
1375 3885 1605 3967 Strogolensis,
1619 3886 1789 3951 lohannes
1806 3886 1829 3957 lt
1838 3889 2013 3969 hoelmus,

356 3991 474 4056 Petrus
491 3990 691 4073 BaiocensiS,
710 3993 856 4074 Angelus
873 3992 1094 4073 Melfictensis,
1113 3994 1302 4058 Bernardus
1315 3992 1540 4072 Vinzentinus
1566 4000 1599 4058 et
1616 3992 1866 4059 Bartholomeus
1882 3996 2017 4062 Castel-

353 4097 458 4177 lanus⁷
473 4097 627 4179 episcopi,
642 4098 779 4163 salutem
791 4098 825 4163 in
838 4099 966 4164 domino
980 4098 1221 4180 sempiternam.
1233 4098 1243 4169 i
1248 4102 1258 4169 l
1268 4098 1438 4184 Quoniam,
1452 4105 1489 4163 ut
1504 4098 1552 4164 ait
1562 4100 1741 4181 apostolus,
1756 4119 1866 4166 omnes
1879 4102 2017 4182 quidem

354 4203 514 4268 stabimus
538 4209 615 4269 ante
640 4203 784 4269 tribunal
800 4203 931 4285 Christi,
957 4204 1132 4286 recepturi,
1159 4212 1256 4286 prout
1278 4205 1312 4269 in
1337 4224 1473 4286 corpore
1497 4204 1666 4287 gessimus
1685 4206 1754 4271 sive
1771 4208 1891 4272 bonum
1907 4206 2018 4275 fuerit

355 4309 424 4375 sive
454 4311 582 4389 malum,
616 4317 746 4391 oportet
777 4330 835 4375 nos
867 4310 950 4375 diem
979 4310 1151 4377 messionis
1183 4319 1326 4377 extreme
1351 4311 1570 4377 misericordie
1594 4312 1748 4393 operibus
1771 4314 1946 4395 prevenire
1971 4337 2016 4383 ac

354 4424 541 4481 eternorum
570 4415 692 4481 intuitu
724 4416 884 4482 seminare
915 4416 948 4481 in
972 4416 1081 4497 terris,
1107 4420 1192 4498 quod
1217 4420 1374 4483 reddente
1398 4417 1526 4483 domino
1551 4438 1622 4484 cum
1650 4418 1868 4501 multiplicato
1896 4418 2017 4489 fructu

353 4521 543 4605 recolligere
574 4523 741 4588 valeamus
769 4522 803 4588 in
835 4523 922 4605 celis,
942 4524 1069 4589 firmam
1099 4544 1190 4605 spem
1220 4523 1434 4605 fiduciamque
1467 4530 1627 4605 tenentes,
1653 4526 1802 4605 quoniam
1828 4526 1884 4606 qui
1907 4548 2018 4608 parce

354 4628 502 4709 seminat,
544 4649 643 4710 parce
675 4636 708 4694 et
740 4637 849 4710 metet,
885 4636 919 4695 et
949 4629 1003 4711 qui
1035 4630 1175 4696 seminat
1206 4630 1240 4695 in
1270 4629 1562 4710 benedictionibus,
1595 4633 1634 4695 de
1665 4631 1953 4700 benedictionibus
1979 4645 2018 4701 et

352 4741 455 4800 metet
487 4736 594 4803 vitam·
623 4743 780 4801 eternam.
829 4736 1005 4817 Cupientes
1040 4737 1152 4820 igitur,
1188 4745 1226 4802 ut
1256 4736 1490 4803 monasterium
1525 4735 1667 4802 fratrum
1695 4738 1943 4805 Predieatorum
1979 4742 2019 4809 in

355 4840 591 4920 Frankenfort‚
623 4842 887 4926 hlaguntinensis
918 4843 1078 4927 dyocesis
1110 4844 1263 4927 congruis
1293 4843 1471 4909 honoribus
1502 4842 1731 4925 frequentetur
1763 4852 1797 4910 et
1827 4866 1848 4911 a
1878 4848 2019 4915 cunctis

353 4948 475 5014 Christi
498 4949 647 5014 fidelibus
670 4948 791 5031 iugiter
814 4957 1000 5031 veneretur,
1027 4951 1176 5016 omnibus
1199 4971 1277 5017 vere
1294 4950 1517 5032 penitentibus
1534 4957 1568 5016 et
1584 4948 1754 5030 confessis,
1780 4952 1835 5032 qui
1857 4953 1893 5018 in
1909 4953 2020 5023 festis

352 5055 557 5137 subscriptis
583 5056 736 5122 videlicet
758 5055 792 5121 in
817 5055 910 5122 festo*
928 5057 1115 5124 nativitatis
1139 5057 1271 5138 Christi,
1296 5057 1557 5138 resurrectionis
1583 5057 1785 5123 ascensionis
1808 5066 1841 5125 et
1870 5064 2021 5142 penthe—

352 5169 470 5243 costes
495 5162 529 5228 in
554 5162 690 5245 singulis
714 5161 953 5229 festivitatibus
978 5150 1073 5229 beate
1091 5164 1196 5229 hlarie
1220 5164 1367 5247 virginis,
1393 5163 1483 5230 beati
1498 5163 1669 5230 Michaelis
1690 5166 1890 5248 archangeli,
1916 5168 2022 5236 beati

351 5270 374 5335 J
377 5269 514 5335 ohannis
538 5269 694 5351 baptiste,
720 5272 889 5335 beatorum
914 5270 1004 5336 Petri
1024 5278 1055 5336 et
1072 5272 1167 5336 Pauli
1183 5272 1415 5353 apostolorum,
1433 5270 1523 5335 beati
1538 5270 1658 5336 ,iacobi
1674 5271 1824 5352 apostoli,
1841 5274 1866 5338 J
1867 5274 2021 5344 ohannis

618 5468 643 5513 a)
659 5464 707 5505 Die
721 5463 821 5515 Bdrpen
834 5464 880 5518 sur
894 5462 1032 5516 Friedberp
1047 5477 1144 5507 scaren:
1165 5464 1336 5515 ,Frhlabsrtns
1350 5464 1439 5515 senior,
1453 5464 1520 5506 cuno
1534 5464 1655 5506 scultetus
1669 5469 1695 5507 st
1708 5464 1831 5507 [ficulnus
1844 5464 1928 5508 inter
1943 5478 2024 5520 suus,

563 5534 693 5577 Helurleus
709 5534 794 5585 Remo,
818 5534 935 5578 Gerlscus
949 5536 1028 5587 ludex,
1043 5536 1171 5580 Ausslmns
1180 5535 1308 5586 Weidslen
1322 5536 1441 5589 argolas
1461 5535 1620 5579 fridabertus
1635 5536 1699 5578 dhus
1709 5534 1824 5589 wtgsndr
1837 5535 1869 5580 da
1882 5537 2023 5597 htmpurk²

564 5606 721 5650 rridsbsrtus
736 5607 799 5649 nlius
814 5606 918 5659 iuvenis,
932 5606 1051 5649 henricus
1065 5606 1095 5649 de
1110 5606 1245 5649 Dorhstmt

616 5734 645 5802 α)
665 5739 838 5793 Wtaleelmarm
852 5740 890 5783 las
905 5740 1020 5794 ,sigslot
