4400 6384
719 361 788 414 1304
806 359 929 416 Februar
947 362 983 415 26
1001 392 1035 401 —
1054 362 1123 416 1304
1143 362 1219 416 Mdrz
1238 363 1281 418 23.
1760 368 1825 432 427

170 547 264 624 838.
286 556 360 621 Das
389 556 521 621 Klostcr
551 557 712 622 Moerhola
741 559 889 640 oerlroafl
918 563 968 622 ela
1000 560 1093 624 Horas
1124 563 1159 623 ia
1190 559 1394 626 Gclrrhcasea
1422 562 1518 626 hebra
1548 561 1741 646 demjeuiperr
1771 563 1826 627 des

289 663 438 728 Gerdord
461 663 608 728 Luschus
636 686 679 728 aa
708 665 768 729 das
797 664 1136 731 Deutschordeashoas
1168 689 1209 730 aa
1241 667 1502 732 Soclrscahonserr
1535 667 1593 748 fllr
1624 665 1687 740 8¹lr
1713 667 1827 749 Pfand

288 769 479 835 Wetlerauer
501 769 640 836 Derrare.
688 777 776 835 1304
799 771 948 837 Februor
970 779 1023 837 26.
1071 771 1121 857 (in
1144 779 1244 838 crast.
1262 773 1387 838 Mathia
1412 773 1496 858 ap.)¹

386 909 485 964 deda:
510 911 627 979 Reimcr,
652 911 696 976 ΙΙ,
715 914 751 964 38
768 913 838 966 nach
856 912 915 965 dem
933 912 1430 968 Deutscborders·Dolrtmcntrnbucb.
1469 913 1508 968 Sl.
1530 913 1565 968 A.
1585 914 1733 983 Stullpart.
1770 915 1826 968 Er·

438 999 547 1052 wdhot:
565 999 771 1069 Mmemaper,
791 1004 851 1054 159.

172 1239 263 1315 839.
288 1248 361 1352 llas
384 1248 605 1330 Fronlcsrtrter
624 1249 835 1330 Sllslslcpltel
857 1249 924 1312 aad
946 1249 1006 1313 dos
1027 1249 1160 1314 Kloster
1179 1249 1292 1314 Hcica
1315 1251 1426 1332 treffeo
1442 1255 1507 1315 elne
1522 1251 1827 1333 frertcdscboftlr'che

292 1355 520 1436 Ubereiolrurrfl
535 1356 612 1419 dher
635 1355 848 1419 verschiederre
872 1355 1092 1420 nccltbcrlr'cbe
1109 1354 1324 1421 Verbdllrrr'sse
1346 1358 1502 1421 cremellae
1523 1357 1593 1422 dem
1608 1356 1830 1440 Decbacellros

287 1462 353 1524 rond
376 1461 446 1526 dem
468 1461 655 1543 Halaerhos
675 1465 710 1525 ia
732 1461 766 1524 F
765 1461 926 1543 rochford.
975 1466 1061 1525 1304
1084 1461 1184 1526 Mdm
1206 1468 1260 1526 23.

279 1604 346 1667 Nos
375 1601 545 1685 Philippus
578 1602 744 1668 decanus²
767 1608 935 1684 totumque
971 1602 1150 1684 capitulum
1181 1605 1317 1670 ecclesie
1346 1603 1680 1687 Frankenlordensis
1714 1612 1826 1672 notum

170 1706 311 1774 facimus
344 1709 545 1790 presentium
566 1708 593 1782 ll
613 1708 855 1791 inspectoribus
888 1709 1061 1791 universis,
1098 1713 1194 1792 quod,
1231 1729 1303 1776 cum
1337 1711 1545 1777 honorabiles
1581 1711 1645 1779 viri
1679 1712 1826 1778 domiuus

171 1816 277 1880 abhas
308 1821 342 1880 et
372 1821 554 1882 conventus
583 1814 776 1881 monasterii
798 1818 838 1881 de
861 1814 1079 1899 Hellgenehe,
1105 1816 1228 1883 ordinis
1253 1816 1490 1900 Cisterciensis,
1516 1817 1609 1883 nobis
1633 1825 1667 1883 et
1691 1818 1827 1884 ecclesie

171 1927 285 1987 nostre
315 1921 512 1988 donaverint
542 1929 576 1986 et
606 1921 804 1987 tradiderint
834 1922 1031 2004 particulam
1062 1942 1138 1988 aree
1170 1942 1227 1988 sue
1258 1922 1356 1989 sitam
1378 1923 1413 1988 in
1431 1923 1456 1997 ll
1474 1931 1546 1990 orto
1571 1925 1659 1990 curie
1682 1925 1827 2006 ipsorum

171 2034 261 2093 retro
286 2026 410 2093 curiam
433 2028 615 2094 decanatus
638 2034 751 2095 nostre
773 2028 910 2094 ecclesie
926 2048 1025 2109 super
1040 2027 1212 2111 fossatum,
1231 2032 1315 2110 quod
1333 2030 1455 2095 transit
1471 2030 1639 2098 civitatem
1654 2031 1827 2097 Franken-

169 2131 256 2214 iord,
282 2140 315 2199 et
333 2134 540 2200 indulserunt
563 2136 649 2200 hona
672 2141 705 2200 et
722 2135 875 2201 concordi
890 2135 1072 2217 voluntate,
1097 2138 1183 2217 quod
1204 2155 1264 2201 nos
1280 2136 1452 2218 Philippus
1469 2140 1622 2219 decanus
1648 2137 1827 2219 capitulum

170 2248 204 2306 et
229 2240 370 2306 ecclesia
392 2253 508 2306 nostro
531 2241 692 2322 possimus
716 2248 750 2308 et
774 2243 949 2307 debeamus
973 2261 994 2308 a
1017 2261 1118 2308 cornu
1143 2242 1262 2308 camini
1283 2242 1502 2309 ministrantis
1527 2246 1569 2309 ad
1590 2250 1722 2324 stupam
1738 2243 1826 2309 curie

170 2349 354 2413 decanatus
385 2347 509 2413 directe
538 2367 641 2429 usque
672 2351 714 2413 ad
746 2346 909 2414 fossatum
938 2348 1121 2430 predictum
1153 2356 1343 2415 construere
1374 2356 1408 2415 et
1432 2350 1584 2416 edificare
1607 2370 1750 2430 murum3
1777 2349 1828 2415 ita

170 2460 293 2533 tamen,
325 2456 410 2535 quod
440 2453 528 2519 nulle
557 2453 664 2536 ianne,
696 2452 843 2520 fenestre
873 2454 942 2521 sire
973 2453 1137 2521 foramina
1166 2475 1225 2536 per
1254 2456 1360 2537 ipsum
1390 2476 1526 2537 murum,
1559 2456 1612 2524 vel
1635 2456 1668 2521 in
1692 2455 1827 2522 edificiis

170 2563 314 2640 desuper
337 2559 499 2625 edificatis
522 2560 577 2627 vel
599 2560 799 2643 edificandis,
823 2562 906 2627 fiant
930 2581 1046 2628 versus
1070 2568 1176 2628 ortum
1204 2561 1378 2628 etruriam
1402 2562 1482 2627 dicti
1505 2562 1696 2628 monasterii
1718 2563 1827 2645 Hege-

168 2666 265 2746 nehe,
289 2673 323 2731 et
346 2669 433 2746 quod
455 2666 665 2749 stillicidium,
691 2668 777 2749 quod
800 2667 895 2733 droill
917 2667 1100 2752 vulgariter
1124 2676 1342 2750 nuncupatur,
1367 2666 1456 2734 iufra
1481 2688 1581 2734 cornu
1605 2667 1685 2734 dicti
1708 2667 1828 2734 camini

169 2791 287 2839 versus
318 2772 442 2838 cumam
471 2774 652 2838 decanatus
684 2775 783 2838 cadat
813 2779 847 2838 et
869 2793 935 2839 non
958 2772 1055 2855 ultra,
1093 2773 1214 2839 eisdem
1240 2775 1354 2839 abbati
1378 2780 1411 2839 et
1435 2774 1611 2841 conventui
1634 2774 1705 2842 vice
1729 2794 1828 2842 versa

168 2879 257 2944 hanc
286 2876 536 2960 infrascriptam
567 2878 749 2944 amiciciam
781 2879 932 2945 duximus
955 2876 1151 2962 faciendam,
1176 2879 1330 2948 uidelicet
1353 2883 1438 2960 quod
1462 2881 1589 2962 canale,
1613 2883 1697 2960 quod
1723 2879 1829 2946 canell

168 2985 205 3050 in
234 2983 366 3068 vulgari
395 2984 526 3067 dicitur,
558 2988 644 3066 quod
674 2992 856 3067 posuerunt
886 2993 919 3051 et
949 3006 1070 3068 ponere
1101 2988 1300 3052 tenebantur
1331 2986 1398 3052 suis
1426 2986 1593 3052 laboribus
1618 2993 1651 3052 et
1675 2987 1827 3068 expensis

169 3093 232 3156 suh
263 3091 407 3174 tegmine
437 3094 551 3157 domus
581 3111 693 3158 eorum
722 3092 861 3175 lapidee,
893 3093 956 3159 site
986 3113 1007 3158 a
1031 3093 1186 3175 sinistris,
1212 3113 1284 3159 cum
1308 3093 1416 3159 exitur
1440 3093 1564 3159 curiam
1572 3092 1609 3179 (l)
1634 3096 1825 3174 decanatus,

169 3201 214 3264 ad
244 3198 422 3264 tollendum
454 3206 487 3264 et
512 3201 727 3265 amovendum
750 3198 949 3265 stillicidium
973 3219 994 3265 a
1018 3199 1110 3264 curia
1133 3202 1314 3265 decanatus
1338 3199 1373 3264 in
1397 3206 1497 3265 antea
1520 3219 1642 3281 ponere
1667 3207 1826 3281 perpetuo

168 3323 237 3370 non
261 3305 381 3370 debent
404 3323 509 3386 neque
533 3307 742 3370 tenebuntur.
777 3306 824 3371 Et
848 3305 1017 3372 stillicidia
1040 3313 1108 3372 tam
1125 3309 1239 3373 domus
1256 3326 1367 3372 eorum
1383 3306 1530 3388 predicte
1548 3325 1644 3387 quam
1660 3309 1827 3373 domorum

169 3409 242 3476 sive
273 3410 473 3477 edificiorum
504 3411 593 3477 curie
623 3414 806 3478 decanatus
836 3412 942 3479 nostri
964 3415 1086 3479 hahere
1111 3415 1277 3478 debebunt
1299 3413 1419 3478 fluxum
1444 3418 1478 3478 et
1500 3419 1622 3478 motum
1647 3431 1706 3494 per
1729 3398 1827 3494 aque-

168 3519 315 3598 ductum,
340 3517 395 3598 qui
418 3517 540 3583 dicitur
562 3519 717 3599 aeduche,
749 3538 808 3601 per
831 3539 958 3585 murum
982 3538 1097 3586 versus
1121 3520 1272 3586 horreum
1298 3524 1522 3585 constructum
1543 3518 1578 3584 in
1602 3519 1694 3585 curia
1716 3539 1827 3586 mona-

168 3622 267 3689 sterii
290 3626 330 3690 de
359 3624 536 3708 Hegenehe
560 3623 725 3706 prelibati.
773 3625 819 3690 Et
845 3631 883 3691 ut
911 3627 972 3692 hec
1002 3625 1162 3708 premissa
1193 3645 1213 3690 a
1243 3625 1337 3692 nohis
1367 3633 1401 3690 et
1430 3625 1674 3691 successorihus
1705 3625 1827 3691 nostris

167 3729 406 3796 inviolabiliter
429 3737 587 3813 perpetuo
612 3733 839 3813 observentur,
864 3740 1034 3814 presentes
1057 3732 1173 3798 literas
1196 3751 1257 3798 nos
1280 3735 1424 3797 decanus
1449 3737 1482 3796 et
1506 3731 1694 3814 capitulum,
1723 3733 1827 3797 abbas

168 3842 204 3901 et
228 3842 411 3902 conventus
434 3836 578 3919 predicti
600 3837 717 3921 sigillis
740 3837 864 3904 nostris
887 3838 1040 3904 hincinde
1064 3838 1224 3904 tradimus
1249 3837 1473 3904 communitas.
1521 3839 1644 3904 Datum
1668 3844 1701 3903 et
1717 3843 1827 3903 actum

168 3961 256 4007 auno
279 3941 451 4008 millesimo
475 3943 698 4010 tricentesimo
722 3951 850 4027 quarto,
876 3943 961 4012 feria
984 3948 1129 4012 secunda
1152 3951 1228 4028 post
1250 3964 1359 4011 ramos
1383 3944 1575 4026 palmarum.

391 4084 451 4140 Voa
475 4085 535 4138 dero
563 4083 609 4140 Or.
622 4085 709 4155 Ppmt.
733 4083 784 4150 (St.
798 4086 833 4140 A.
847 4086 992 4158 Morbum,
1012 4087 1142 4142 Haiaaer
1165 4087 1326 4153 Urbundea)
1352 4087 1416 4141 sind
1440 4103 1496 4140 aar
1520 4088 1589 4141 noch
1606 4086 1768 4155 Spurcum
1787 4101 1827 4140 er·

437 4174 549 4228 konnen.
587 4173 650 4228 Dan
666 4173 754 4243 Siepel
771 4175 818 4229 dea
835 4176 1163 4242 Bartholomaeus-Stifls
1181 4176 1246 4244 depr
1264 4177 1318 4230 lose
1337 4176 1385 4230 bei.
1423 4176 1479 4230 Dic
1491 4174 1635 4240 Abechrist
1646 4175 1685 4228 r'm
1698 4175 1828 4229 Haiaaer

438 4261 614 4332 Kopiolhuch
626 4264 675 4329 fia
694 4263 845 4330 (ebendort)
859 4265 904 4332 ist,
916 4266 1009 4319 anwed
1020 4265 1124 4334 adthip,
1138 4264 1197 4318 dem
1210 4264 1320 4318 Druclre
1332 4281 1368 4318 ra
1382 4265 1496 4319 &ande
1507 4265 1601 4335 pelept.
1622 4294 1654 4301 —
1669 4263 1827 4328 Grotesend.

386 4350 485 4406 Gella:
504 4351 610 4418 (hedera
632 4350 695 4405 (lod.
710 4351 800 4420 Dipl,
812 4352 874 4417 ΠΙ,
895 4357 937 4421 17,
968 4354 1012 4421 B,
1030 4356 1085 4407 259
1103 4353 1174 4407 nach
1192 4353 1251 4406 dora
1270 4353 1453 4422 Kopialhach.

167 4611 262 4687 840.
285 4619 406 4684 Revera
428 4619 484 4684 des
506 4618 657 4685 Klosters
680 4620 794 4685 Halon
817 4623 852 4684 r'a
874 4621 1009 4704 plcicher
1032 4622 1141 4686 Sarte.
1191 4626 1277 4685 1304
1302 4619 1401 4686 Mdrr
1423 4626 1477 4685 23.

277 4771 346 4836 Nos
362 4766 469 4835 frater
480 4769 671 4836 Wilhelmus
688 4771 795 4836 dictos
812 4772 916 4836 abhas
933 4776 989 4836 et.
1009 4821 1015 4834 .
1034 4777 1215 4837 conventus
1229 4769 1370 4836 lratrum
1381 4769 1574 4836 monasterii
1587 4773 1626 4835 de
1638 4770 1825 4852 Hegenche‚

167 4876 297 4943 ordinis
313 4875 562 4960 Oysterciensis,
588 4876 731 4950 tellnore
755 4877 956 4959 presentium
979 4877 1243 4960 recognoscimus
1262 4877 1390 4960 publice
1407 4877 1608 4959 profitentes,
1635 4879 1729 4958 quod,
1755 4894 1827 4941 cum

167 4983 377 5050 venerabiles
392 4982 477 5049 viri.
493 5034 499 5049 .
513 4986 658 5050 decanus
674 4990 727 5050 et.
744 5036 750 5049 .
765 4983 946 5067 capitulum
955 4982 980 5058 ll
990 4983 1126 5049 ecclesie
1139 4981 1461 5050 Fraukenfordensis
1477 4983 1571 5050 nohis
1584 4990 1617 5049 et
1628 4983 1827 5049 monasterio

225 5178 378 5233 ¹Dorooa
391 5179 435 5246 B,
445 5182 554 5247 etam
567 5181 637 5233 1304
649 5179 733 5232 Mdrz
745 5182 781 5232 12
797 5178 975 5249 alpedrucltte
1029 5179 1106 5248 (Vpl.
1128 5179 1228 5234 Arme.
1253 5179 1344 5248 Urba,
1371 5183 1433 5248 236,
1468 5181 1564 5244 Sacer,
1595 5177 1637 5247 1⁸,
1669 5181 1724 5245 56).
1758 5181 1828 5232 1304

171 5270 295 5338 Vertrop
326 5267 459 5323 manen
493 5267 634 5333 Gottsried
665 5285 719 5322 oon
745 5268 883 5337 Eppuleia
916 5269 975 5322 und
1028 5269 1114 5337 April
1138 5271 1181 5336 16,
1208 5269 1325 5336 Vitcrbo,
1354 5269 1527 5338 beauftrapte
1553 5270 1603 5322 ibn
1628 5267 1717 5337 Papst
1742 5267 1828 5321 Bene·

167 5356 334 5422 Frankfurt
357 5357 395 5411 iat
419 5374 472 5411 voa
498 5361 568 5412 1404
585 5357 670 5410 Mdrr
688 5361 730 5411 13.
765 5357 823 5427 Vpl.
837 5358 888 5411 Fr.
903 5359 974 5424 Ian,
1028 5358 1087 5410 dilrt
1107 5358 1161 5412 XI.
1181 5358 1231 5410 mit
1254 5359 1313 5411 dem
1331 5358 1444 5411 Schalzc
1466 5359 1512 5412 deo
1531 5357 1657 5411 Klostern
1677 5357 1715 5410 St.
1734 5357 1828 5410 Actor

165 5448 213 5516 ΙΙ,
227 5450 271 5501 15,
303 5447 338 5499 Β.
357 5445 394 5499 iet
412 5445 499 5499 durch
517 5446 644 5512 Lernaea
662 5446 734 5513 Ila,
753 5448 816 5514 302,
835 5447 975 5502 deradere
1029 5447 1182 5517 (Rc'pr'stres
1200 5447 1233 5500 dc
1251 5446 1353 5501 Be'noit
1373 5447 1428 5512 XI,
1455 5447 1619 5514 No.1024),
1645 5447 1739 5500 eterno
1758 5447 1828 5498 1304

169 5537 265 5606 Quelle
283 5551 351 5600 war,
369 5535 427 5588 irre
443 5534 556 5604 pcfdhrt
574 5534 691 5588 worden.
1028 5537 1092 5590 Mai
1109 5540 1145 5591 23
1170 5537 1220 5590 mil
1238 5537 1297 5589 dem
1316 5535 1429 5590 Schutze
1447 5536 1496 5589 der
1513 5535 1627 5590 Iildslcr
1645 5535 1752 5590 Bellero
1770 5535 1829 5588 aad

223 5625 384 5679 'Deroelbc
404 5623 542 5678 arkandct
566 5625 609 5678 alo
636 5623 733 5693 ,iudex
755 5639 898 5679 causarum
918 5641 973 5678 mo·
1030 5625 1130 5679 Thron.
1151 5625 1479 5693 (z.c.No.1318,1319.
1517 5623 1645 5679 Potthoct
1663 5625 1717 5678 No.
1730 5627 1828 5690 25430,

164 5714 287 5768 nuterii
311 5711 341 5766 in
360 5710 535 5782 Amesburg“
564 5715 634 5767 1304
661 5713 793 5767 Febrrcr
815 5718 832 5768 5
855 5714 910 5782 (,in
929 5712 974 5766 dio
1027 5716 1164 5778 254301.)

165 5804 194 5857 b.
213 5801 328 5872 Agatho
352 5800 472 5871 ringet
496 5803 657 5868 martyris·)
683 5802 732 5867 frtr
750 5802 836 5856 dieses
854 5803 973 5857 Klorter.

1667 5925 1718 5977 tl*
