4400 6384
364 270 427 335 122
1085 266 1231 320 rossan
1250 266 1291 319 ra.

469 465 509 530 In
539 462 666 530 nomine
697 462 826 545 domini,
859 482 962 529 amen.
1011 461 1058 547 (1)
1082 464 1153 529 Hec
1184 471 1235 529 est
1259 460 1366 529 forma
1387 461 1496 528 iurate
1519 460 1621 543 pacis.
1671 460 1829 527 Dominus
1845 462 2029 527 Werroerus

365 570 632 653 archiepiscopus
662 568 894 653 Magantinus,
925 569 1050 636 nobiles
1082 569 1146 637 viri
1176 568 1350 637 Gotlridus
1381 572 1421 634 de
1451 567 1657 651 Eppenstein
1687 568 1814 647 senior,
1845 567 2028 634 Heinricus

363 697 470 744 comes
501 680 541 743 de
557 676 731 759 Wilnowe,
763 676 973 742 Reinhardus
992 674 1015 749 ll
1034 679 1073 742 de
1103 678 1308 761 Hagenowe‚
1340 677 1508 758 Philippus
1539 675 1578 741 de
1594 674 1822 755 Valkenstein,
1853 675 2028 757 Philippum

363 793 397 852 ct
410 785 612 851 Wernhcrus
641 782 700 849 filii
730 783 789 865 sui,
816 784 1008 850 Gcrhardus
1037 782 1146 850 iunior
1176 786 1215 849 de
1240 783 1455 866 Eppenstein,
1487 782 1629 861 sculteti,
1663 781 1806 862 officiati,
1832 781 1961 847 scabini
1992 788 2027 847 et

364 891 599 959 universitates
623 890 796 957 civitatum
815 889 839 963 ll
857 892 897 955 de
915 888 1158 972 Frankenlord,
1172 890 1365 973 Vrideberg,
1379 889 1552 955 Wetflarr'o
1575 897 1610 955 et
1633 891 1672 955 de
1690 888 1924 973 Geylenhuscn
1949 908 2029 971 pro-

362 998 521 1064 miserunt
543 998 607 1064 fide
631 1000 711 1064 data
734 1004 769 1063 ct
792 996 1009 1080 prestiterunt
1033 996 1249 1079 corporaliter
1273 1004 1524 1077 sacramentum,
1550 1004 1584 1062 et
1605 996 1692 1063 idem
1707 994 1860 1062 fecerunt
1876 996 2029 1061 homines

363 1112 397 1171 et
420 1102 637 1177 castrenllses
661 1124 782 1187 eorum,
810 1106 896 1185 quod
919 1123 1047 1170 exnunc
1071 1124 1173 1186 usque
1198 1106 1240 1169 ad
1263 1102 1384 1170 festum
1403 1103 1495 1170 beati
1509 1103 1673 1170 lobannis
1688 1103 1837 1185 baptiste
1852 1110 1887 1168 et
1902 1109 2028 1168 extunc

366 1215 408 1279 ad
439 1220 508 1278 tres
539 1232 643 1278 annos
674 1213 854 1278 servabunt
885 1230 999 1293 pacem
1023 1211 1209 1293 generalem
1233 1211 1382 1277 omnibus
1405 1210 1589 1277 hominibus
1612 1213 1790 1276 secundum
1813 1210 1865 1275 ius
1889 1217 1925 1275 et
1949 1228 2029 1275 con-

364 1318 519 1385 ditionem
543 1339 582 1385 ac
607 1318 873 1384 consuetudinem
897 1336 1023 1384 necnon
1046 1317 1203 1385 honorem
1227 1317 1361 1383 cuilibet
1383 1316 1528 1383 debitum
1551 1324 1585 1383 et
1601 1317 1785 1399 antiquitus
1800 1318 2027 1395 observatum,

363 1426 459 1492 immo
484 1426 587 1492 eciam
610 1432 644 1492 et
667 1424 782 1493 iudeis.
822 1424 871 1511 (2)
895 1426 978 1491 Sunt
1002 1430 1111 1489 autem
1135 1422 1180 1489 hii
1204 1424 1336 1490 termini
1358 1424 1450 1506 pacis
1474 1424 1570 1490 huius
1588 1426 1759 1492 servande.
1799 1424 1852 1489 Ab
1868 1422 2029 1489 extremis

365 1532 515 1599 terminis
546 1532 787 1615 pertinentibus
819 1534 860 1597 ad
892 1530 1028 1597 officium
1061 1530 1164 1596 castri
1189 1532 1416 1615 Starkenberg
1439 1531 1564 1598 directe
1586 1532 1621 1598 in
1644 1532 1782 1610 Renum,
1807 1530 1841 1596 in
1865 1533 2030 1596 descensu

365 1659 425 1722 per
448 1640 576 1705 Renum
605 1658 708 1719 usque
737 1642 778 1705 ad
811 1658 938 1719 aquam,
964 1658 1025 1720 que
1056 1637 1177 1704 dicitur
1193 1638 1436 1719 Wieschebure,
1462 1658 1563 1722 prope
1586 1639 1725 1704 Lorche.
1773 1640 1825 1703 Ab
1855 1637 1915 1703 illa
1939 1657 2029 1718 aqna

366 1746 491 1812 directe
521 1746 555 1811 in
586 1764 713 1827 aquam,
747 1764 808 1827 quc
840 1744 960 1811 dicitur
976 1744 1093 1811 Wilnc.
1141 1745 1193 1810 Ab
1223 1745 1281 1811 illa
1304 1766 1383 1812 vero
1407 1746 1531 1812 directe
1555 1753 1650 1812 trans
1674 1746 1842 1829 Logeuam
1864 1765 1970 1827 usque
1995 1746 2029 1809 in

366 1852 479 1919 villam
502 1852 829 1933 Bischoveskirchen‚
862 1858 895 1917 et
926 1853 967 1917 ab
997 1851 1055 1918 illa
1079 1852 1158 1919 villa
1182 1872 1299 1919 versus
1322 1853 1433 1919 villam
1450 1850 1615 1919 Driedorf.
1663 1853 1715 1918 Ab
1739 1852 1796 1917 illa
1818 1872 1899 1920 vero
1922 1872 2029 1933 usque

367 1961 410 2025 ad
434 1959 560 2040 silvam,
586 1979 648 2040 que
672 1958 793 2025 dicitur
812 1958 1050 2041 Schelterwalt,
1076 1966 1111 2025 et
1134 1961 1176 2025 ab
1200 1959 1258 2025 illa
1281 1959 1366 2026 silva
1388 1963 1550 2041 usquead
1567 1980 1695 2041 aquam,
1720 1979 1783 2042 que
1798 1959 1921 2025 dicitur
1937 1959 2030 2025 Salz-

366 2066 472 2133 buidc.
520 2068 572 2131 Ab
603 2066 660 2132 illa
690 2086 777 2148 aqua
806 2085 922 2133 versus
953 2064 1133 2131 claustrum
1161 2065 1397 2149 Schiffenburg.
1445 2067 1497 2132 Ab
1527 2066 1583 2134 illo
1606 2066 1751 2132 claustro
1776 2086 1892 2132 versus
1914 2066 2030 2131 villam

369 2173 541 2255 Loupach.
581 2175 633 2239 Ab
657 2173 715 2239 illa
737 2173 817 2239 villa
840 2192 941 2253 usquc
966 2174 1008 2237 ad
1029 2172 1111 2237 fines
1135 2172 1226 2253 silve,
1252 2192 1314 2253 que
1330 2172 1451 2238 dicitur
1466 2173 1724 2255 Budingerwalt.
1764 2174 1816 2237 Ab
1832 2174 1908 2239 inde
1924 2193 2030 2253 usque

368 2282 410 2345 ad
435 2279 545 2346 villam
570 2280 814 2363 Larhoybeten.
862 2280 913 2345 Ab
937 2278 994 2344 illa
1017 2278 1097 2345 villa
1120 2298 1223 2359 usque
1242 2279 1506 2363 Aschallenburg
1529 2286 1563 2345 et
1587 2279 1744 2345 terminos
1769 2279 2030 2346 vicedominatus

367 2386 520 2452 eiusdem.
568 2388 618 2452 De
649 2386 889 2453 vicedominatu
920 2384 1256 2469 Aschatlenburgensi
1284 2405 1387 2467 usque
1422 2386 1650 2469 Starkenberg
1679 2393 1713 2451 et
1744 2385 1901 2451 terminos
1932 2386 2029 2451 officii

368 2492 520 2559 eiusdem.
568 2493 614 2579 (3)
638 2493 684 2559 Et
707 2514 748 2559 ne
772 2512 852 2559 casu
876 2492 984 2573 aliquo
1009 2492 1220 2575 contingente
1244 2492 1332 2558 inter
1355 2493 1480 2559 nobiles
1504 2499 1602 2574 terre,
1628 2493 1783 2560 civitates
1802 2500 1836 2558 et
1851 2493 2029 2558 communi-

368 2606 457 2666 tates
486 2601 540 2667 val
567 2619 751 2666 corrmunes
775 2600 920 2666 homines
944 2600 977 2664 in
1001 2598 1159 2681 predictis
1183 2598 1331 2665 terminis
1356 2606 1594 2665 commorantes
1618 2598 1783 2664 discordia
1806 2597 1944 2679 oriatur,
1969 2599 2027 2665 sed

368 2705 504 2787 quilibet
535 2706 692 2789 prelatus,
725 2706 874 2786 clericae,
907 2705 1035 2786 nobilis,
1066 2705 1169 2788 miles,
1194 2714 1367 2787 mercator,
1393 2706 1576 2789 burgensis,
1600 2706 1688 2772 ruris
1712 2706 1829 2786 cultor,
1853 2713 1888 2771 et
1910 2706 2028 2771 iudeus

275 2890 276 2893 Ἴ
368 2815 512 2896 gaudeat
537 2832 596 2879 suo
620 2814 690 2880 iure
714 2813 840 2895 pariter
864 2814 1052 2893 ethonore,
1079 2815 1119 2877 de
1143 2812 1304 2878 coarmuni
1325 2812 1509 2879 iuratorum
1525 2812 1659 2878 consilio
1676 2820 1728 2878 est
1744 2819 1915 2893 statutum,
1941 2816 2027 2893 quod

369 2918 398 2985 si
421 2919 548 2999 nobilia,
572 2920 665 2987 miles
688 2920 741 2986 vel
765 2920 848 2986 alius
868 2920 940 3001 quis
956 2920 1110 2986 habuerit
1125 2926 1242 2987 contra
1259 2918 1362 2986 civem
1379 2919 1526 2987 civitatis
1542 2920 1679 2985 alicuius
1696 2919 1819 3001 aliquid
1835 2919 2025 3000 questionis,

371 3044 462 3091 suam
491 3046 624 3093 causam
648 3033 866 3109 prosequetur
887 3026 921 3092 in
946 3026 1082 3093 civitate
1108 3030 1284 3093 secundum
1307 3026 1359 3092 ius
1383 3034 1417 3092 et
1440 3026 1708 3093 consuetudinem
1732 3026 1888 3093 civitatis.
1937 3027 2025 3092 Idem

371 3140 522 3199 servetur
552 3133 714 3201 nobilibus
744 3134 803 3199 in·
830 3153 939 3200 eorum
967 3134 1151 3199 hominibus
1174 3134 1206 3199 in
1230 3134 1376 3215 ipsorum
1399 3133 1527 3199 iudiciis
1551 3154 1569 3199 e
1593 3154 1762 3200 converso.
1809 3134 1857 3219 (4)
1881 3136 1975 3219 Quod
2000 3134 2026 3198 si

370 3238 489 3321 aliquis
513 3240 609 3307 alteri
632 3260 731 3323 super
754 3239 849 3307 bonis
866 3240 1028 3323 aliquibus
1044 3240 1184 3307 moverit
1200 3240 1412 3321 questionem,
1436 3240 1465 3306 is
1481 3240 1619 3323 recipiet
1635 3247 1669 3306 et
1684 3240 1849 3323 prestabit
1862 3240 2025 3307 iusticiam

370 3352 404 3411 et
434 3345 589 3412 iudicium
622 3367 731 3415 coram
765 3368 802 3415 eo
832 3347 948 3429 iudice,
983 3348 1043 3412 sub
1077 3346 1170 3412 cuius
1199 3346 1424 3412 iurisdictione
1453 3348 1540 3413 bona
1570 3346 1765 3412 consistunt.
1817 3348 1886 3412 Nec
1910 3346 2025 3428 aliquis

371 3452 542 3520 occasione
573 3454 703 3534 offense,
729 3474 826 3536 quam
854 3454 955 3519 habet
986 3460 1104 3519 contra
1135 3472 1307 3534 personam
1332 3452 1478 3534 alteriue,
1503 3453 1649 3519 movebit
1672 3453 1905 3533 querimoniam
1930 3474 2026 3536 super

370 3561 458 3625 bona
487 3560 600 3643 ipsius,
632 3561 696 3627 nisi
727 3582 826 3645 super
855 3563 942 3626 bona
972 3560 1092 3626 iustam
1124 3567 1158 3626 et
1188 3567 1313 3625 certam
1342 3561 1465 3625 habeat
1495 3560 1667 3627 actionem.
1715 3560 1763 3645 (5)
1788 3560 1896 3641 Siquis
1926 3561 2025 3626 eciam

371 3666 470 3733 alium
498 3667 533 3732 in
564 3668 711 3734 terminis
742 3668 962 3749 cuiuscunque
992 3666 1104 3733 iudicii
1133 3667 1264 3749 viderit,
1288 3666 1335 3732 ibi
1365 3673 1475 3749 potest
1505 3687 1577 3733 eum
1607 3667 1696 3733 licite
1726 3687 1786 3749 pro
1810 3668 1931 3733 debitis
1954 3688 2025 3732 con·

310 3808 316 3817 ·
372 3774 494 3856 venire,
520 3774 612 3841 salvo
643 3774 818 3855 unicuique
847 3774 918 3841 iure
950 3794 1016 3840 suo.
1065 3775 1115 3860 (6)
1138 3774 1255 3839 Nullus
1285 3774 1388 3840 eciam
1419 3774 1559 3856 aliquem
1584 3794 1642 3856 pro
1667 3774 1731 3839 alio
1755 3774 1942 3856 occupabit,
1968 3773 2024 3838 nisi

372 3881 411 3946 de
434 3880 572 3947 licencia
594 3882 724 3947 illorum
747 3888 821 3948 octo
844 3882 999 3971 virorum,
1024 3880 1079 3962 qui
1096 3900 1194 3963 super
1210 3902 1292 3963 pace
1307 3879 1451 3947 fovenda
1466 3880 1500 3946 et
1516 3883 1708 3962 exequenda
1723 3888 1801 3946 sunt
1817 3881 2026 3946 corrrmuniter

372 3986 531 4067 deputati.
574 3987 620 4073 (7)
638 3990 689 4053 Ad
712 3990 782 4069 hec,
808 3986 837 4054 si
851 3989 1042 4071 burgenses
1068 3987 1157 4054 cives
1174 3994 1233 4052 aut
1248 3987 1311 4053 alie
1327 3987 1578 4070 qualescumque
1595 4007 1732 4069 persone
1749 3995 1867 4054 contra
1884 3987 2025 4058 comites,

372 4091 503 4173 liberos
529 4094 684 4175 dominae,
711 4094 835 4160 nobiles
852 4094 921 4161 sive
939 4093 1020 4159 alios
1036 4094 1197 4159 habentes
1214 4094 1364 4176 proprias
1380 4094 1580 4161 municiones
1595 4095 1795 4178 lrabuerit(l)
1816 4094 2024 4175 questionem.

372 4199 461 4265 illam
493 4219 602 4267 coram
630 4201 694 4267 illis
718 4210 792 4268 octo
817 4201 965 4284 personis
990 4208 1174 4284 proponent
1198 4208 1232 4266 et
1255 4204 1432 4267 secuudum
1455 4201 1619 4267 iusticiam
1643 4209 1893 4284 prosequentur,
1942 4204 2026 4267 Reus

374 4314 492 4388 autem,
518 4307 709 4389 qudcumque
740 4307 850 4389 luerit,
876 4327 984 4374 coram
1016 4307 1063 4372 eis
1087 4308 1254 4373 tenebitur
1278 4314 1369 4373 stare
1392 4307 1465 4387 iuri,
1491 4315 1524 4374 et
1549 4308 1650 4389 siquis
1673 4307 1788 4374 tahum
1812 4311 1853 4374 ad
1878 4308 2024 4374 iudicium

374 4422 532 4480 evocatus
563 4415 797 4499 contempserit
828 4434 1025 4497 coruparore,
1052 4417 1234 4480 censendus
1262 4422 1314 4480 est
1337 4414 1429 4497 pacis
1453 4414 1602 4497 publicus
1626 4414 1777 4481 violator.
1825 4415 1874 4499 (8)
1897 4415 2024 4481 Nobiles

373 4529 483 4587 autem
513 4523 647 4589 trahent
677 4523 817 4589 minores
848 4542 1007 4605 personas
1037 4522 1070 4586 in
1101 4541 1235 4587 causam
1265 4542 1375 4587 coram
1404 4522 1469 4587 illis
1492 4520 1664 4601 iudicibus,
1690 4524 1750 4587 sub
1775 4542 1912 4602 quorum
1935 4520 2024 4587 iuris-

374 4626 516 4693 dictione
539 4637 673 4695 manent
697 4636 730 4695 et
753 4629 916 4696 domicilia
939 4634 1121 4694 noscuntur
1143 4629 1275 4693 habere.
1323 4628 1371 4713 (9)
1395 4628 1511 4693 Nullus
1534 4628 1637 4693 eciam
1662 4628 1760 4693 alium
1784 4627 1818 4694 in
1842 4648 1956 4710 campo
1972 4635 2021 4694 aut

374 4732 457 4800 alias
489 4736 688 4801 auctoritate
719 4736 854 4819 propria
884 4735 1055 4817 captivare
1086 4742 1255 4816 presumat
1278 4734 1449 4801 occasione
1474 4754 1685 4816 quacumque,
1712 4734 1775 4800 nisi
1799 4756 1858 4817 per
1882 4734 2020 4818 prelatos

374 4848 566 4907 executores
593 4842 784 4909 licencietur
808 4844 920 4909 eidem.
968 4843 1038 4929 (10)
1062 4843 1157 4923 Item,
1182 4842 1259 4922 quia
1283 4842 1429 4908 nonnulli
1452 4842 1589 4908 effrenes
1612 4842 1759 4909 homines
1782 4843 1814 4908 in
1840 4842 2019 4909 civitatibus

375 4947 563 5029 plerumque
581 4988 621 4995 -
639 4970 699 5015 nec
723 4957 898 5032 parcentes
922 4952 991 5031 deo,
1017 4949 1050 5014 in
1075 4948 1167 5015 cuius
1191 4950 1354 5031 passionis
1377 4948 1566 5015 memoriam
1588 4949 1703 5015 iudeus
1726 4950 1870 5015 sustinet
1893 4946 2017 5015 ecclesia

375 5060 492 5119 sancta
516 5054 577 5135 dei,
603 5076 662 5122 nec
687 5055 789 5121 eciam
813 5055 949 5138 imperio
975 5053 1173 5137 deferentes
1199 5058 1238 5121 ad
1265 5056 1357 5122 cuius
1382 5075 1576 5121 cammeram
1601 5056 1767 5138 pertinere
1792 5064 1968 5123 noscuntur
1981 5090 2016 5099 -

374 5159 472 5227 facile
496 5163 697 5229 tumultuarit
721 5169 754 5228 et
777 5162 933 5229 insultum
957 5160 1086 5229 iaciunt
1110 5168 1227 5228 contra
1251 5182 1316 5243 eos
1341 5162 1505 5229 interdum
1529 5163 1618 5245 ipsos
1641 5163 1863 5229 inhumaniter
1887 5172 1920 5229 et
1935 5161 2016 5227 mise-

374 5267 525 5336 rabiliter
549 5269 764 5352 trucidantes
790 5276 953 5336 statutum
976 5277 1036 5351 est,
1062 5271 1148 5350 quod
1172 5268 1274 5349 siquis
1298 5269 1587 5336 tumultuacionem
1603 5270 1656 5337 vel
1672 5270 1830 5336 insultum
1846 5264 2015 5335 huiusmodi

374 5372 491 5442 lecerit
522 5384 639 5443 contra
667 5397 732 5459 eos,
758 5376 786 5443 is
811 5376 895 5443 sicut
920 5376 1011 5459 pacis
1035 5375 1177 5443 violator
1201 5376 1350 5459 pubhcus
1374 5376 1539 5459 puniatur.
1587 5378 1658 5462 (11)
1680 5378 1838 5443 Preterea
1861 5377 1890 5443 si
1912 5372 2012 5454 aliqua

375 5502 434 5563 per
446 5483 583 5565 spolium
596 5504 709 5565 pacem
722 5482 864 5551 forsitan
877 5483 1026 5565 violaret,
1038 5482 1116 5549 licet
1128 5483 1241 5549 statim
1253 5483 1411 5551 restituat
1423 5483 1570 5565 spolium,
1583 5491 1715 5550 tenetur
1727 5491 1837 5550 tamen
1849 5487 1888 5549 de
1901 5476 2011 5548 temeri-

642 5733 666 5780 a)
680 5728 778 5773 helmet
792 5729 850 5773 llest
865 5734 923 5782 „otfl¹
