4400 6384
362 314 427 377 238
1060 311 1130 365 1285
1148 311 1255 367 166661
1273 312 1316 365 21.

361 515 463 573 tatem
494 511 581 590 apud
611 508 828 573 Hartmndum
858 506 993 573 militem
1023 511 1063 574 de
1090 509 1309 589 Sasenhusen,
1339 508 1556 575 hereditatem
1580 530 1658 577 vero
1682 531 1763 595 erga
1786 510 2008 579 Reinbardum

361 617 564 680 sacerdotem
581 614 759 696 conparavi
776 618 817 679 61
834 614 1033 696 sepedictum
1051 616 1168 697 altare,
1191 616 1240 681 ita
1255 618 1340 696 quod
1357 623 1584 697 postmortem
1601 637 1704 683 meam
1721 638 1839 683 census
1854 623 2008 685 cedentes

361 724 401 785 de
417 721 564 787 domibus
581 720 804 787 adtinentibus
821 721 937 802 domui,
955 741 1052 801 quam
1066 722 1141 803 ipsa
1156 722 1346 788 Adelheidis
1362 722 1538 804 inhabitat,
1564 744 1635 789 cum
1651 724 1756 791 vineis
1771 724 1805 791 in
1821 726 2008 791 Hohenstat

361 835 395 893 et
418 827 509 893 curia
531 827 565 892 in
583 827 790 893 Sasenhusen
814 829 931 892 661661
955 830 996 892 61
1021 830 1128 893 611616
1152 828 1354 909 sepedictum
1376 849 1443 895 una
1466 849 1538 896 eum
1562 833 1656 896 domo
1671 831 1767 897 iuxta
1781 831 2009 897 Predicatores

359 940 549 999 memorata.
590 934 627 999 In
651 933 747 999 huius
771 933 820 998 161
838 933 1057 1000 testimonium
1076 942 1110 1000 et
1126 937 1226 1000 robur
1241 935 1407 1001 firmitatis
1423 944 1594 1017 presentes
1609 936 1741 1002 litteras
1757 937 1872 1019 sigillis
1889 936 2010 1004 domini

361 1040 477 1105 decani
500 1038 832 1121 Frankeniordensis‚
858 1042 1003 1106 cantoris
1025 1041 1155 1123 ibidem,
1181 1049 1214 1107 et
1237 1042 1300 1107 mei
1323 1042 1454 1125 dignum
1483 1042 1560 1107 duxi
1584 1043 1782 1109 communiri.
1830 1045 1953 1109 Datum
1976 1051 2009 1107 et

361 1154 470 1213 actum
502 1166 587 1212 anno
619 1146 739 1212 domini
769 1165 809 1211 m.
832 1166 878 1211 66.
901 1148 1124 1230 lXXXIHI,
1149 1149 1183 1214 in
1214 1148 1328 1232 vigilia
1351 1149 1588 1230 666666616616
1611 1152 1709 1216 beate
1732 1150 1837 1215 Marie
1860 1148 2007 1233 virginis.

466 1254 541 1335 Auf
561 1255 617 1318 der
639 1254 804 1319 Riielsee'tc
826 1256 883 1318 der
911 1254 1059 1320 dri-ande
1082 1257 1187 1319 slehen
1209 1256 1355 1339 folpende
1377 1262 1500 1337 spdtere
1524 1256 1680 1321 Zasdtze:

466 1361 551 1426 Item
582 1360 730 1426 canonici
764 1361 909 1443 predicte
940 1360 1076 1426 ecclesie
1108 1363 1233 1427 dabunt
1264 1361 1418 1427 officianti
1448 1369 1658 1443 prenotatum
1689 1363 1795 1429 altare
1825 1382 1954 1444 semper
1975 1362 2010 1427 in

360 1466 446 1533 16616
479 1467 569 1533 beati
599 1467 736 1533 Martini
760 1469 818 1533 VI.
841 1468 962 1534 solidos
992 1467 1110 1533 levium
1144 1467 1350 1533 denariorum
1384 1487 1443 1548 pro
1474 1467 1580 1533 tribus
1608 1468 1859 1551 166161611616
1892 1468 2009 1549 quibus

362 1577 499 1655 quedam
523 1575 609 1639 bona
631 1572 1046 1657 1606161666611661661
1069 1574 1214 1655 vendita,
1240 1593 1321 1655 quos
1345 1574 1378 1639 in
1402 1581 1555 1653 quartum
1571 1574 1740 1640 denarium
1756 1574 2010 1641 666661611666-

362 1687 490 1762 661161.
537 1681 622 1745 Item
650 1680 723 1761 ipso
754 1678 840 1746 festo
871 1681 995 1746 dabunt
1019 1682 1058 1746 V.
1082 1680 1202 1746 solidos
1225 1680 1345 1746 levium
1369 1680 1576 1745 denariorum
1595 1680 1619 1753 li
1638 1700 1696 1762 pro
1721 1684 1862 1763 quadam
1884 1701 2011 1747 summa

360 1806 498 1867 666666,
524 1806 595 1851 cum
619 1806 684 1867 qua
707 1787 832 1852 reditus
857 1787 1046 1868 comparavi
1070 1790 1112 1852 ad
1136 1784 1302 1869 prelatum
1327 1786 1443 1868 altare,
1469 1806 1566 1867 quam
1589 1786 1711 1852 domini
1733 1786 1896 1868 predich
1921 1806 2011 1853 rece·

361 1900 488 1976 661661,
504 1892 621 1965 1111661
646 1892 790 1959 61161666
813 1894 915 1959 babet
938 1900 972 1959 et
995 1893 1131 1958 habebit
1154 1896 1195 1959 de
1218 1893 1413 1973 quibusdam
1436 1892 1527 1975 agris
1548 1892 1622 1959 sitis
1639 1902 1716 1959 ante
1732 1902 1863 1974 portam
1878 1895 2011 1959 Buken-

359 2000 444 2066 heim
475 2007 508 2065 et
538 2003 631 2066 domo
662 2020 728 2066 666
750 2000 808 2065 VI.
832 2000 961 2082 solidos,
995 2019 1075 2080 quos
1106 2003 1164 2066 dat
1188 1999 1384 2067 Ludewieus
1408 1999 1522 2081 Linza,
1554 2018 1636 2081 quos
1665 2003 1760 2066 modo
1785 2003 1866 2066 dant
1890 2000 2013 2067 domini

359 2110 399 2173 16
420 2108 627 2173 Sasenhusen
652 2108 691 2172 de
715 2109 807 2172 domo
824 2106 1026 2173 Theotonica
1050 2108 1089 2172 16
1113 2106 1234 2172 6161616
1250 2106 1350 2190 agris.
1384 2105 1470 2172 Item
1493 2107 1710 2174 Gebehardns
1733 2106 1840 2172 dictus
1862 2127 1903 2173 zu
1920 2110 2012 2173 deme

358 2213 500 2279 Birsake
523 2213 586 2278 III.
610 2212 729 2279 solidos
753 2215 792 2279 de
817 2216 909 2279 domo
934 2213 1050 2279 66616
1073 2212 1272 2296 Suargazen,
1298 2232 1360 2294 que
1384 2212 1459 2278 olim
1483 2211 1547 2278 1611
1562 2212 1726 2279 Iohannis
1749 2212 1828 2279 dieti
1843 2214 2013 2297 Lycheres

359 2326 393 2385 et
423 2327 474 2386 est
504 2318 569 2385 sita
593 2318 761 2400 exsposito
784 2318 879 2384 iuxta
908 2319 1142 2401 Hartbernum‚
1174 2319 1220 2385 hii
1249 2320 1312 2385 III.
1342 2318 1437 2385 solidi
1467 2321 1633 2386 dabuntur
1662 2320 1697 2385 in
1720 2320 1899 2387 nativitate
1921 2320 2013 2386 beati

360 2425 522 2492 Iohannis
547 2425 702 2507 babtiste,
733 2425 812 2491 item
839 2423 979 2491 Sitridus
1009 2446 1049 2491 zu
1081 2428 1172 2491 deme
1196 2427 1401 2492 Wederhane
1432 2426 1525 2493 dabit
1548 2428 1592 2493 II.
1615 2426 1736 2493 solidos
1761 2430 1801 2493 16
1832 2430 1926 2493 domo
1951 2446 2014 2493 666

359 2532 527 2614 exoposito
552 2534 666 2597 domus
690 2531 830 2613 predicti
845 2532 1033 2598 Gebehardi
1048 2532 1082 2597 in
1098 2532 1276 2598 collacione
1284 2532 1321 2617 (l)
1338 2532 1429 2599 beati
1444 2532 1618 2615 Iohannis,
1635 2532 1714 2599 item
1731 2536 1845 2599 domus
1860 2553 1901 2598 zu
1919 2535 2012 2599 deme

360 2639 540 2705 Vrazkelre
564 2639 620 2703 VI.
643 2638 764 2705 solidos
793 2638 826 2703 in
857 2638 908 2704 die
938 2638 1029 2705 beati
1058 2638 1205 2719 Martini,
1233 2638 1313 2705 item
1336 2639 1379 2704 II.
1404 2639 1525 2706 solidos
1549 2643 1706 2706 dedomo
1730 2640 1836 2705 166166
1858 2638 1898 2704 61
1920 2642 2014 2706 deme

360 2745 583 2812 Rossebuhele
614 2764 654 2809 61
685 2752 780 2825 66116
813 2746 846 2810 0.
860 2744 991 2811 Witzen
1013 2745 1048 2810 in
1071 2744 1123 2810 die
1146 2746 1237 2811 beati
1259 2746 1404 2811 MartIni.
1451 2747 1536 2812 item
1558 2748 1585 2811 I.
1609 2746 1759 2812 similiter
1781 2745 1845 2812 6161
1868 2745 2014 2812 infesto

360 2851 468 2918 666611
490 2850 610 2917 Iacobi
633 2854 672 2916 de
697 2850 788 2917 curia
804 2851 931 2917 Wikeri
954 2870 1046 2917 zume
1067 2852 1275 2918 Hohenrade.
1315 2854 1399 2918 item
1421 2854 1448 2919 1.
1471 2854 1577 2919 661616
1602 2853 1751 2937 siliginis,
1776 2855 1862 2933 quod
1886 2854 2014 2918 dabunt

359 2955 483 3024 1161166
506 2961 546 3023 16
570 2960 763 3041 Arnesburg
793 2978 852 3040 pro
883 2956 1003 3024 Siirido
1035 2962 1207 3025 sacerdote
1238 2959 1325 3025 dieto
1357 2960 1499 3026 Sartino.
1551 2960 1712 3026 Sacerdos
1736 2959 1882 3026 efficians
1906 2959 2014 3025 altare

359 3067 456 3131 beate
486 3065 623 3148 virginis
654 3068 693 3131 16
725 3066 873 3132 domibus
904 3068 991 3147 apud
1021 3073 1172 3131 sanctum
1195 3066 1383 3149 Antonium,
1408 3086 1470 3147 que
1501 3067 1633 3133 solvunt
1663 3066 1697 3132 in
1721 3065 1899 3132 nativitate
1922 3066 2016 3132 beati

359 3172 522 3237 Iohannis
544 3170 690 3253 baptiste
713 3192 867 3253 marcam,
893 3171 985 3239 dabit
1007 3172 1041 3238 in
1062 3171 1149 3239 festo
1172 3173 1279 3239 sancti
1296 3174 1433 3240 Martini
1448 3176 1575 3239 duabus
1591 3172 1815 3255 penitentibus
1830 3174 1856 3239 Ι.
1875 3173 2015 3238 solidum

359 3279 473 3360 levem,
497 3278 576 3345 item
600 3279 740 3345 sculteto
765 3278 912 3346 civitatis
930 3280 1039 3345 XVII.
1063 3280 1215 3346 denarios
1239 3287 1273 3346 61
1296 3281 1435 3363 obulum,
1460 3280 1539 3346 item
1558 3281 1710 3346 Conrado
1727 3283 1767 3346 de
1782 3280 2015 3362 Heldebergen

359 3386 421 3449 III.
444 3384 565 3451 solidos
596 3385 691 3467 16666,
718 3392 751 3451 61
782 3385 829 3452 616
853 3394 1023 3453 remanent
1047 3387 1111 3453 sibi
1133 3388 1197 3452 IX.
1222 3388 1317 3454 solidi
1341 3387 1558 3469 bolonienses,
1582 3387 1662 3453 item
1685 3387 1777 3453 dabit
1801 3390 1841 3452 de
1865 3386 2016 3452 domibus

360 3490 394 3556 in
414 3492 631 3573 Sasenhusen‚
657 3511 719 3573 que
744 3492 876 3559 solvunt
896 3493 937 3557 X.
956 3492 1077 3559 solidos
1094 3492 1299 3559 Colonienses
1316 3501 1351 3560 et
1364 3495 1392 3558 1.
1410 3495 1542 3577 pullum,
1560 3496 1713 3560 cunrado
1728 3492 1823 3559 militi
1839 3495 1880 3558 de
1894 3493 2016 3559 Sasen·

359 3598 462 3663 husen
485 3598 543 3662 VI.
568 3597 688 3663 solidos
718 3597 838 3663 levium
869 3598 1084 3677 denariorum,
1118 3607 1151 3665 61
1182 3599 1228 3665 616
1258 3608 1430 3666 remanent
1459 3599 1522 3667 sibi
1548 3601 1623 3666 VII.
1654 3599 1749 3667 solidi
1772 3598 2017 3666 0616616661666

360 3702 577 3783 denariorum,
602 3703 680 3769 item
703 3703 870 3785 predictus
895 3708 1049 3771 sacerdos
1073 3705 1167 3771 dabit
1191 3706 1277 3771 omni
1293 3726 1378 3773 6666
1395 3707 1428 3771 16
1445 3705 1672 3773 anniuersario
1690 3704 1834 3772 01161661
1850 3708 2016 3785 quondam

361 3810 505 3875 cantoris
530 3813 569 3876 16
593 3814 686 3877 domo
710 3809 841 3891 1661166
864 3810 958 3875 iuxta
982 3810 1175 3877 cimiterium
1200 3813 1256 3877 VI.
1279 3812 1401 3879 solidos
1424 3812 1544 3879 levium
1560 3814 1777 3893 denariorum,
1802 3832 1884 3894 quos
1899 3832 2017 3878 16666-

360 3916 471 3982 fideles
502 3916 552 3982 sui
583 3924 731 3983 emerunt
762 3936 834 3981 cum
865 3936 1024 3983 consensu
1053 3918 1199 3999 capituli.
1247 3919 1330 3984 Item
1355 3918 1455 3984 nichil
1477 3920 1587 4001 babet,
1613 3939 1673 3985 nec
1695 3918 1830 3985 habebit
1853 3920 1895 3985 de
1918 3922 2016 3985 domo

362 4026 449 4103 6661
473 4023 712 4089 Ρ16116616166.

573 4164 619 4219 Or.
634 4165 721 4234 Ppmt.
755 4164 812 4218 Von
831 4166 882 4217 dea
901 4165 1097 4235 abbanpeaden
1116 4164 1223 4234 Sieqeln
1241 4164 1278 4218 ist
1299 4169 1326 4231 1)
1346 4166 1516 4234 6611666166,
1535 4183 1587 4219 666
1604 4170 1634 4227 2)
1654 4166 1713 4220 und
1730 4169 1760 4229 3)
1781 4183 1836 4220 aar
1854 4166 1937 4221 Recte
1953 4184 2017 4221 vor·

625 4254 742 4307 1666166.
779 4253 818 4307 St.
833 4255 866 4306 A.
881 4254 932 4307 Fr.
946 4254 1044 4307 Barth.
1058 4254 1097 4309 st.
1112 4255 1165 4308 No.
1180 4256 1257 4307 1436.

575 4342 673 4396 Gedr:
690 4342 868 4408 Wdrdtwcin,
883 4342 961 4396 Dioc.
975 4343 1058 4413 Moy„
1074 4343 1117 4408 11,
1132 4346 1192 4410 535,
1219 4342 1263 4408 Β.,
1276 4346 1329 4396 216
1341 4343 1412 4397 nach
1423 4343 1482 4396 dem
1497 4343 1542 4397 Or.
1555 4361 1590 4397 66
1600 4343 1707 4413 1166661
1720 4347 1755 4397 13
1767 4367 1800 4389 =
1813 4344 1910 4409 Seuer,
1924 4345 1950 4413 1,
1962 4348 2020 4401 609

628 4432 771 4500 (6611161),
797 4432 914 4499 11611661,
933 4432 958 4497 I,
978 4432 1118 4485 1496661
1137 4430 1279 4495 Abscbrc'st
1297 4431 1581 4486 16116111-Β1611616
1596 4432 1671 4486 sese
1689 4433 1715 4501 1,
1734 4433 1787 4487 No.
1799 4430 1850 4486 22⁶
1865 4451 1890 4487 6.
1904 4434 1958 4490 No.
1970 4438 2018 4489 25.

629 4518 668 4572 st.
711 4560 716 4571 .
777 4562 782 4572 .

578 4520 793 4677 7666616111,
813 4609 839 4676 Ι,
859 4610 911 4664 No.
926 4613 985 4664 598.

359 4884 451 4961 496.
486 4895 613 4960 1166661
647 4916 706 4958 6616
738 4894 955 4979 1116666166
989 4897 1071 4980 ptest
1105 4897 1174 4960 dem
1209 4896 1625 4978 Heilz'yen-Geisi-Hospiial
1662 4900 1696 4961 ia
1727 4896 1913 4978 Franhfurt
1949 4902 2022 4963 eine

486 5002 585 5065 Wicse
609 5002 655 5065 bei
678 5000 859 5066 Rddcibeioc
882 5005 916 5066 ia
939 5002 1095 5066 Erblct'b-c.
1144 5008 1230 5067 1285
1254 5003 1385 5068 Jonas-r
1407 5008 1460 5067 21.

466 5142 666 5208 Wernberos
691 5142 837 5208 dominus
861 5146 900 5209 16
917 5144 1165 5227 Myntzemberg
1189 5152 1223 5209 et
1246 5143 1382 5209 heredes
1397 5144 1510 5226 ipsius
1535 5151 1649 5211 tenore
1666 5144 1869 5226 presencium
1885 5147 2022 5229 publice

360 5249 558 5331 profitemur,
584 5251 670 5329 quod
700 5268 760 5315 nos
791 5248 966 5316 conventui
997 5249 1066 5315 sive
1096 5249 1279 5315 hominibus
1310 5250 1527 5317 existentibus
1550 5250 1584 5316 in
1606 5251 1763 5334 hospitali
1785 5251 2024 5322 Frankeniurt

360 5363 491 5437 pratum
515 5362 663 5421 nostrum
685 5355 719 5421 in
743 5355 954 5422 Redelnheim
979 5356 1076 5422 situm
1101 5355 1319 5422 concessimus
1342 5357 1413 5423 iure
1436 5357 1636 5424 hereditario
1659 5358 1888 5441 inperpetuum
1910 5362 2025 5442 possi-

360 5463 508 5539 dendum,
533 5462 581 5527 ita
605 5465 689 5543 quod
714 5462 806 5527 nobis
830 5465 870 5527 de
894 5466 1007 5528 eodem
1031 5465 1126 5528 annis
1150 5461 1286 5545 singulis
1310 5464 1479 5529 duodecim
1502 5463 1605 5530 libras
1620 5467 1705 5531 bone
1720 5485 1795 5531 cere
1810 5464 1845 5531 iu
1860 5467 2024 5535 nundinis

360 5567 728 5635 Frankenfordensibus
757 5569 868 5635 indie
899 5569 989 5635 beati
1011 5569 1175 5635 Iohannis
1206 5568 1385 5652 assignent,
1417 5570 1587 5636 occasione
1611 5570 1657 5636 611
1681 5577 1810 5655 egente.
1858 5573 2027 5642 1666166

627 5765 651 5813 6)
670 5752 791 5805 11166161
805 5761 879 5804 26116.
911 5763 934 5812 b)
950 5760 1227 5815 „prorumpendum
