4400 6384
941 309 1018 365 1243.
1763 312 1806 375 67

153 497 244 575 132.
268 507 330 571 Dic
353 509 498 590 Scluiffcu
523 508 587 572 rod
611 509 740 591 Be'lrpcr
766 530 823 572 coto
849 507 1030 590 Frcucl’feui
1053 510 1215 592 ocenpct,
1239 509 1317 572 duas
1334 509 1445 572 ,libert
1470 530 1527 572 cort
1546 506 1738 592 Iit'ldc‘pbcinc
1761 511 1809 573 oet

267 620 383 680 scimur
405 615 553 680 Ia'e'atm'ttc
577 619 610 680 lu
632 616 693 678 dea
716 613 1005 682 Autonoes-oruc
1027 617 1096 678 clem
1122 615 1233 680 chsc
1254 638 1296 679 cc
1322 616 1483 697 Rossdorf
1498 618 1598 681 (iiiior
1619 639 1662 682 aa
1679 616 1807 681 Baiter-

268 722 352 787 stadt
377 724 563 806 iibcttrcpcc
585 723 672 786 hoho.
725 721 814 805 [Ver
839 721 953 804 1243]

209 979 211 984 ,
258 891 326 957 Nos
341 889 467 956 scabini
483 897 516 956 et
531 889 677 957 universi
690 889 779 956 cives
790 890 1140 956 Frankenvordenses.
1164 892 1227 956 Per
1241 910 1376 973 presens
1389 890 1547 972 scriptum
1560 890 1767 959 innotescere
1782 890 1807 964 ll

152 997 299 1078 cupimus
321 996 530 1078 presentibus
554 1004 587 1062 et
612 994 742 1078 futuris,
769 999 853 1077 quod
878 997 1026 1062 dominus
1042 996 1210 1078 Albertus,
1234 996 1320 1062 filius
1344 981 1465 1064 domini
1480 998 1628 1065 Heinriei
1650 998 1762 1065 militis
1781 997 1806 1070 ll

151 1107 191 1170 de
203 1102 416 1184 Ridenkeim,
431 1103 569 1170 contulit
581 1103 718 1169 ecclesie
730 1102 820 1169 beati
832 1103 967 1169 Antonii
979 1102 1126 1168 martiris
1138 1102 1281 1186 gloriosi,
1295 1107 1337 1170 ad
1350 1103 1442 1170 cuius
1454 1104 1600 1170 ordinem
1612 1124 1647 1171 se
1662 1104 1687 1178 ll
1700 1105 1808 1172 reddi-

152 1214 257 1292 derat,
280 1210 315 1275 in
338 1210 457 1278 iudicio
481 1195 794 1277 Frankenvordensi
817 1210 911 1276 nobis
935 1209 1145 1292 presentibus
1167 1216 1237 1276 tres
1260 1229 1392 1277 mansos
1415 1217 1450 1276 et
1473 1209 1639 1277 dimidium
1669 1212 1750 1278 sitos
1773 1213 1808 1279 in

152 1301 353 1383 Bodderstat
369 1323 514 1398 tempore
531 1316 728 1399 sempiterno
744 1317 846 1383 libere
864 1317 1087 1398 possidendos,
1108 1336 1189 1398 quos
1204 1315 1352 1383 dominus
1367 1304 1543 1384 Heinricus
1559 1321 1599 1384 de
1615 1318 1809 1402 Hageuowa

152 1430 185 1489 et
208 1424 366 1506 magister
390 1423 576 1490 Richardus
599 1423 718 1490 ibidem
743 1431 958 1504 susceperunt
982 1426 1023 1490 ab
1048 1444 1085 1490 eo
1109 1424 1180 1489 loco
1209 1423 1399 1489 monasterii
1422 1410 1598 1504 pretaxati.
1645 1426 1686 1491 In
1716 1425 1808 1492 cuius

152 1529 234 1596 facti
256 1533 358 1598 robur
380 1538 414 1596 et
437 1530 624 1597 memoriam
649 1537 821 1611 presentes
843 1531 975 1597 litteras
999 1530 1146 1595 dedimus
1170 1529 1269 1612 sigilli
1292 1529 1398 1595 nostri
1420 1529 1595 1597 munimine
1621 1534 1806 1599 roboratas.

368 1699 413 1754 Or.
429 1700 516 1770 Ppmt.
536 1699 585 1753 mit
605 1699 664 1753 dem
682 1699 880 1767 cnbdnpcadcn
898 1700 1010 1754 allecta
1029 1697 1199 1766 Slcdtaieycl.
1229 1695 1267 1750 St.
1282 1699 1317 1751 A.
1334 1697 1504 1752 Wiesbcdcu.
1532 1699 1677 1770 Recedcrs,
1695 1701 1808 1770 Roda,

417 1789 471 1843 Nc.
485 1793 509 1842 7.
530 1818 563 1826 -
584 1787 742 1854 Orotesend.

366 1877 466 1932 Getta:
484 1877 601 1942 Rcimcr,
622 1877 646 1944 I,
666 1881 718 1931 171
737 1877 808 1932 noch
826 1876 884 1930 dem
906 1876 951 1930 Or.
973 1917 978 1928 .
1012 1875 1157 1946 Dctc'rcap
1175 1876 1245 1929 arceb
1263 1874 1379 1929 Reimer.

153 2297 243 2373 133.
266 2304 463 2387 Erebischof
484 2305 644 2389 Sicpfried
667 2326 727 2368 cnon
749 2305 865 2370 Mutua
887 2310 1028 2388 yestcttet
1051 2305 1112 2369 dea
1134 2302 1396 2384 Doraiaitucera,
1428 2306 1479 2371 dic
1507 2307 1575 2371 siclt
1603 2308 1745 2372 liirclc'ch
1773 2312 1808 2372 ia

267 2411 452 2494 Fucini-furt
475 2411 664 2496 cttycsicdclt
686 2411 796 2490 habea,
821 2416 855 2476 ia
877 2415 980 2477 semer
998 2411 1147 2477 Dioeccse
1162 2413 1290 2478 Bcichtc
1312 2436 1354 2477 aa
1377 2415 1473 2478 borea
1495 2415 1561 2478 etad
1583 2436 1625 2478 cu
1641 2414 1806 2499 predipcn,

267 2520 409 2584 arctabat
433 2519 493 2583 cllc
517 2518 670 2584 Prdlulcc
692 2523 794 2583 scicer
817 2516 965 2583 Dioccesc
988 2520 1142 2584 dicsclbca
1165 2520 1303 2585 liebeooll
1326 2520 1568 2602 oufctcaebmen,
1599 2521 1666 2586 aad
1688 2522 1808 2586 crtbcilt

267 2626 359 2704 allen,
381 2626 490 2690 welche
502 2624 587 2689 ilmcr
602 2624 732 2708 Prcdipt
743 2626 921 2709 rcurcccitla'p
934 2627 1122 2705 beiwolmca,
1141 2631 1286 2711 cwoacc'p
1300 2626 1387 2712 Iope
1399 2628 1529 2693 Ablcss.
1557 2627 1695 2711 Binpen,
1710 2633 1806 2692 1243.

260 2793 402 2862 Silridus
433 2795 486 2861 dei
509 2795 621 2879 gratia
650 2802 766 2861 sancte
789 2795 981 2879 Mogontine
1013 2795 1100 2862 sedis
1131 2794 1407 2878 archiepiscopus
1439 2796 1527 2864 sacri
1555 2794 1719 2882 inperito)
1749 2816 1808 2880 per

153 2901 364 2970 Germaniam
386 2899 736 2974 arllchicancellarius
772 2901 945 2970 Universis
969 2901 1155 2984 abbatibus
1180 2903 1366 2988 prepositis
1396 2903 1656 2988 archidyaconis,
1675 2902 1808 2969 decanis

153 3029 192 3076 ac
216 3008 289 3075 aliis
312 3008 525 3075 ecclesiarum
548 3008 685 3093 prelatis
699 3008 724 3083 ll
741 3008 775 3075 in
799 3029 860 3075 sua
883 3008 1017 3093 dyocesi
1040 3008 1230 3076 constitutis
1252 3010 1392 3078 salutem
1411 3010 1446 3076 in
1462 3010 1600 3077 domino.
1636 3009 1807 3096 Quoniam,

152 3123 190 3182 ut
213 3115 260 3182 ait
284 3115 462 3198 apostolus,
489 3119 645 3196 quosdam
670 3115 796 3197 quidem
812 3113 836 3189 ll
854 3116 963 3199 posuit
987 3115 1113 3182 deusin
1133 3115 1281 3199 ecclesia,
1305 3116 1443 3199 primum
1463 3116 1640 3200 apostolos,
1666 3120 1807 3183 secundo

152 3223 341 3306 prophetas,
375 3221 478 3289 tercio
513 3223 674 3304 doctores
707 3229 745 3289 ut
778 3225 820 3288 ad
852 3223 1008 3290 bonorem
1040 3228 1074 3288 et
1106 3222 1245 3306 gloriam
1276 3230 1490 3290 sacrosancte
1521 3222 1638 3290 matris
1671 3223 1808 3290 ecclesie

152 3328 345 3396 multiformi
374 3329 485 3422 gratia
515 3329 623 3396 sancti
652 3329 788 3411 spiritus
811 3331 949 3396 heredes
973 3329 1095 3396 Christi
1126 3337 1161 3395 et
1190 3329 1377 3413 adoptionis
1406 3329 1465 3397 filii
1494 3337 1607 3398 mutuo
1639 3329 1702 3396 sibi
1732 3331 1808 3396 sub

152 3435 302 3504 serviant
323 3435 478 3518 universi,
517 3455 576 3503 nos
603 3437 638 3502 in
666 3455 748 3518 eam,
780 3455 877 3518 quam
907 3436 977 3502 eius
1006 3438 1090 3502 dono
1123 3435 1291 3502 consecuti
1319 3455 1431 3502 sumus
1454 3435 1626 3520 dignitatis
1654 3435 1806 3520 gratiam,

152 3540 303 3609 conferre
326 3542 476 3610 totaliter
499 3542 678 3624 cupientes,
709 3543 805 3609 immo
829 3541 981 3623 scientes
1013 3545 1099 3624 quod
1123 3561 1172 3624 ea,
1198 3561 1261 3624 que
1286 3562 1344 3625 per
1376 3542 1597 3608 ministrorum
1621 3549 1808 3610 nostrorum

152 3648 294 3715 fidelium
316 3668 433 3716 manus
456 3656 613 3733 operatur
636 3653 726 3732 deus,
758 3648 852 3715 nobis
876 3647 1051 3733 proficiant
1081 3651 1123 3714 ad
1154 3648 1303 3731 salutem,
1335 3647 1513 3716 carissimis
1542 3648 1617 3715 filiis
1647 3647 1808 3715 iratribus

152 3754 276 3821 ordinis
308 3755 564 3838 Predicatorum‚
599 3756 654 3838 qui
686 3776 791 3840 nuper
822 3756 886 3821 lino
919 3755 953 3821 in
984 3757 1220 3822 Vraukenvort
1252 3756 1466 3823 tabernaculo
1499 3762 1616 3823 contra
1647 3755 1808 3840 malignos

152 3860 289 3943 spiritus
313 3863 413 3928 verbo
438 3869 471 3928 et
495 3882 594 3944 opere
623 3862 817 3930 dimicantes
846 3862 881 3928 in
905 3860 1065 3928 altissime
1096 3867 1295 3944 paupertate
1328 3861 1456 3929 domino
1487 3860 1700 3944 famulantur,
1732 3882 1808 3928 con-

151 3967 312 4035 fessiones
336 3968 490 4035 audiendi
512 3976 546 4035 et
570 3969 761 4052 predicandi
782 3970 818 4035 in
841 3975 956 4035 nostra
979 3967 1114 4052 dyocesi
1137 3967 1337 4035 auctoritate
1361 3967 1562 4051 presentium
1579 3967 1717 4035 liberam
1733 3987 1809 4035 con-

152 4074 296 4141 cedimus
320 4082 529 4157 potestatem.
577 4076 748 4160 Rogantes
772 4076 862 4142 etin
886 4074 1109 4142 remissionem
1132 4074 1272 4140 omnium
1292 4073 1514 4156 peccaminum
1529 4073 1746 4160 iniungentes
1771 4082 1809 4141 ut

153 4199 225 4247 cum
247 4180 346 4264 ipsos,
372 4187 529 4264 tanquam
553 4181 708 4249 animalia
724 4181 868 4265 celestia,
894 4202 952 4249 seu
969 4184 1010 4249 ad
1027 4180 1285 4265 predicationem
1299 4180 1348 4247 ire
1364 4201 1423 4247 seu
1439 4185 1482 4248 ad
1498 4180 1808 4264 contemplationem

152 4287 260 4354 redire
295 4287 481 4373 contigerit,
518 4308 573 4355 eos
607 4288 777 4373 recipiatis
810 4289 845 4355 in
880 4288 1083 4371 amplexibus
1119 4287 1280 4369 caritatis,
1317 4307 1389 4354 eam
1425 4308 1521 4369 quam
1556 4289 1651 4354 decet
1685 4287 1810 4354 Christi

153 4393 353 4476 pauperibus
375 4395 595 4462 reverentiam
618 4395 732 4462 taliter
755 4396 956 4476 exhibentes,
981 4403 1019 4461 ut
1042 4402 1189 4462 vestram
1205 4393 1410 4462 devotionem
1426 4394 1625 4461 laudabilem
1639 4394 1809 4463 valeamus

152 4499 187 4566 in
210 4501 338 4568 domino
362 4506 597 4569 commendare.
634 4504 681 4569 Ut
705 4509 813 4569 autem
829 4501 893 4569 iam
910 4501 991 4568 dicti
1006 4500 1131 4568 fratres
1145 4501 1327 4567 iniunctum
1344 4500 1407 4566 sibi
1422 4500 1657 4583 predicationis
1672 4500 1808 4567 officium

151 4607 289 4674 valeant
311 4607 470 4675 efficatius
494 4628 657 4691 exercere,
689 4612 730 4675 de
753 4608 986 4692 omnipotentis
1010 4608 1063 4675 dei
1086 4607 1198 4692 gratia
1220 4614 1255 4674 et
1276 4609 1449 4674 beatorum
1472 4607 1695 4690 apostolorum
1717 4605 1810 4672 Petri

152 4719 188 4780 et
221 4714 316 4781 Pauli
349 4722 383 4781 et
416 4714 599 4783 beatissimi
625 4715 762 4782 Martini
791 4713 1010 4818 confessoris„
1029 4715 1194 4796 omnibus,
1237 4714 1293 4796 qui
1330 4716 1373 4780 ad
1407 4733 1518 4780 eorum
1552 4712 1809 4796 predicationem

152 4819 370 4904 accesserint,
406 4841 484 4888 vere
519 4821 670 4889 contritis
703 4829 737 4888 et
770 4820 940 4905 confessis
968 4821 1033 4888 XX
1057 4821 1127 4888 dies
1157 4823 1198 4886 de
1221 4819 1370 4887 iniuncta
1392 4820 1455 4887 sihi
1478 4819 1662 4903 penitentia
1684 4818 1809 4886 miseri-

153 4927 298 4994 corditer
321 4929 518 4996 relaxamus
565 4929 689 4996 Datum
713 4932 800 5011 apud
819 4929 1000 5014 Pinguiam,
1027 4948 1112 4995 anno
1137 4927 1245 5012 gratie
1267 4908 1311 4994 it.
1337 4907 1398 4994 0⁰0.
1427 4907 1566 5009 xuill,
1598 4925 1808 5009 pontificatus

153 5033 260 5099 nostri
283 5054 368 5102 anno
395 5089 400 5100 .
429 5087 434 5100 .
463 5035 486 5101 .¹
889 5051 892 5056 '

369 5203 415 5259 Or.
428 5204 517 5275 Pyrnt.
536 5204 585 5259 mit
604 5204 810 5274 adducendas
828 5203 977 5276 siccarat.
1014 5202 1054 5259 st.
1068 5203 1103 5258 A.
1120 5204 1171 5258 Fr.
1190 5201 1392 5258 Dominilcaacr
1411 5201 1474 5255 ure.
1495 5201 1549 5256 No.
1561 5205 1587 5255 2.

368 5292 467 5348 (ledae
485 5294 528 5362 Β,
548 5297 584 5349 72
601 5295 672 5349 nach
690 5294 749 5348 deta
769 5293 815 5349 Or.
840 5335 846 5348 .

373 5381 465 5436 Vera:
483 5381 674 5451 widolaicus.
685 5382 762 5454 Rcy,
773 5382 928 5450 XXXIII,
942 5383 995 5437 No.
1005 5385 1067 5450 453,
1081 5381 1272 5449 Wetderoacb,
1293 5379 1546 5450 Binpcn,No.135,
1560 5377 1808 5449 Rotb,Oue1len,I,

420 5473 481 5523 510.
515 5470 572 5541 Vpl.
591 5472 725 5540 Bellona,
744 5471 788 5538 II,
808 5475 868 5541 134,
890 5471 1013 5539 mana,
1032 5471 1083 5525 Fr.
1096 5471 1189 5538 Aret,
1208 5469 1251 5538 II,
1271 5472 1330 5522 105.

210 5753 218 5784 ¹
237 5754 292 5808 Die
310 5754 381 5810 Zobl
399 5753 472 5820 fetat.
