4400 6384
426 331 491 396 462
1107 329 1175 383 1307
1195 327 1345 384 November
1364 331 1406 386 15.

426 535 464 593 ut
493 528 573 594 dicti
603 528 707 594 abbas
737 533 772 592 et
802 534 983 594 conventus
1014 529 1054 592 de
1085 527 1180 594 bonis
1212 527 1360 595 omuibus
1390 548 1450 612 per
1479 527 1569 609 ipsos
1593 529 1777 595 Conradum
1801 537 1835 596 et
1858 529 2069 614 Cunegundim

425 634 552 702 relictis
582 641 656 716 post
687 634 856 699 amborum
884 632 1007 699 obitum
1032 633 1161 715 possint
1185 634 1357 717 disponere
1382 641 1416 701 et
1439 634 1592 702 ordinare
1616 641 1650 701 et
1674 635 1742 701 suis
1765 635 1880 702 usibus
1903 637 2067 719 applicare.

427 749 524 825 prout
553 741 635 824 ipsis
665 739 898 823 congruentius
922 739 1088 807 videbitur
1111 743 1275 825 expedire,
1302 743 1562 809 contradictione
1585 742 1804 824 quorumlibet
1828 763 1893 810 non
1917 746 2067 815 obstante.

426 857 463 915 ut
492 849 637 932 ipsorum
668 848 841 930 coniugum
871 847 906 914 in
936 847 1008 929 ipso
1038 851 1239 916 monasterio
1263 851 1441 933 Hegenelre
1472 849 1676 916 orationibus
1708 850 1828 916 debitis
1859 859 1893 917 et
1917 853 2069 918 consuetis

427 964 587 1039 perpetua
616 955 773 1021 memoria
802 955 975 1020 habeatur.
1024 956 1123 1022 Salvo
1154 955 1235 1038 ipsis
1259 963 1379 1038 tamen,
1404 965 1441 1022 ut
1464 956 1527 1038 ipsi
1552 959 1722 1023 (baradus
1746 964 1779 1023 et
1804 958 2017 1041 cunegundis,
2039 960 2067 1024 in

426 1062 581 1128 extremis
612 1061 793 1141 constituti,
818 1061 946 1142 possint
976 1069 1010 1127 et
1040 1063 1175 1129 valeant
1205 1066 1244 1129 de
1275 1083 1340 1129 uno
1365 1064 1482 1130 maltro
1507 1070 1565 1130 aut
1589 1065 1716 1129 duobus
1740 1064 1791 1131 vel
1816 1063 1923 1130 tribus
1946 1065 2010 1132 sire
2032 1069 2066 1131 ad

426 1168 531 1252 magis
558 1171 598 1235 de
622 1175 763 1250 quatuor
786 1167 914 1233 meltris
938 1167 1077 1252 siliginis
1100 1189 1252 1236 mensure
1276 1168 1600 1237 Frankenlordensis
1624 1169 1707 1236 alias
1732 1177 1964 1238 testamentum
1986 1193 2066 1238 suum

427 1279 567 1342 condere
597 1281 631 1340 et
661 1274 824 1356 ordinare,
857 1281 954 1356 prout
983 1275 1127 1358 ipsorum
1160 1276 1323 1358 placuerit
1352 1276 1525 1344 voluntati.
1566 1276 1645 1343 Vice
1675 1297 1775 1344 versa
1804 1298 1883 1346 vero
1915 1281 2013 1344 abbas
2040 1289 2066 1346 et

427 1390 607 1448 conventus
639 1381 798 1448 antedicti
828 1390 1062 1448 concesserunt
1093 1386 1221 1449 domum
1252 1383 1394 1467 ligneam
1425 1391 1514 1450 retro
1545 1385 1697 1450 horreum
1728 1403 1827 1466 super
1857 1382 2013 1452 fossatum
2039 1387 2065 1452 in

428 1489 519 1555 curia
545 1488 690 1571 ipsorum
713 1489 746 1554 iu
770 1486 1003 1555 Frankenlord
1028 1489 1126 1555 sitam
1150 1493 1192 1556 ad
1217 1497 1366 1573 tempora
1390 1490 1458 1557 vite
1481 1490 1625 1572 ipsorum
1650 1491 1793 1557 Conradi
1816 1497 1849 1557 et
1874 1493 2065 1576 denegandis

427 1603 461 1662 et
484 1596 621 1662 alterius
644 1615 756 1661 eorum
780 1614 853 1661 cum
875 1595 1020 1675 ipsorum
1044 1594 1170 1662 familia
1193 1597 1382 1663 necessaria
1405 1597 1655 1664 inhabitandam
1679 1597 1749 1664 sine
1772 1598 1918 1680 ipsorum
1933 1599 2064 1665 molestia

427 1702 562 1785 pacifice
585 1710 619 1767 et
643 1702 762 1783 quiete.
802 1703 920 1768 Testes
943 1702 1039 1768 liuius
1055 1710 1149 1768 sunt:
1175 1701 1316 1770 Sifridus
1333 1707 1373 1770 de
1391 1704 1600 1787 Gysenheim,
1625 1705 1821 1788 Rudegerus
1837 1712 1872 1771 et
1887 1707 2065 1772 Ludewicus

427 1813 467 1875 de
491 1810 705 1890 Holtzbusen,
737 1810 907 1875 Jolrannes
939 1809 1125 1892 Goltsteyn,
1151 1809 1373 1876 Theodericus
1404 1811 1563 1892 notarius,
1595 1817 1629 1877 et
1652 1810 1850 1878 Ekebardus
1882 1813 2018 1894 tabellio,
2039 1820 2065 1878 et

427 1936 524 1997 quam
547 1916 658 1998 plures
681 1915 739 1982 alii
763 1915 853 1982 cives
868 1913 1200 1982 Frankenlordenses
1223 1917 1388 2002 ddedigni.
1437 1917 1476 1983 In
1493 1917 1714 1983 testimonium
1731 1917 1961 2000 premissorum
1977 1939 2062 1984 nos..

428 2023 589 2088 scultetus
621 2030 655 2088 et
685 2021 812 2088 scabini
843 2021 983 2105 predicti
1013 2026 1054 2089 ad
1086 2030 1239 2106 rogatum
1269 2024 1417 2106 parcium
1448 2022 1653 2106 prefatorum
1683 2023 1825 2108 sigillum
1856 2025 2065 2093 universitatis

427 2127 749 2195 Frankenlordensis
782 2128 991 2210 presentibus
1024 2129 1175 2196 duximus
1209 2133 1469 2212 appendendum.
1526 2133 1646 2197 Actum
1680 2151 1766 2197 anno
1799 2131 1922 2198 domini
1951 2134 1989 2198 n'r.
2009 2130 2062 2198 cic.

428 2235 576 2317 septimo,
602 2233 687 2302 leria
710 2243 831 2318 quarta
855 2243 931 2318 post
954 2235 1038 2302 diem
1061 2237 1153 2302 beati
1176 2237 1274 2304 Galli.

641 2377 783 2443 Abecbre‘st
807 2379 845 2430 im
864 2377 994 2431 Hainaer
1012 2377 1189 2446 Kopiolbucb
1207 2379 1283 2442 131.
1326 2379 1365 2433 St.
1379 2378 1411 2431 A.
1428 2377 1573 2450 Morburp.
1617 2380 1680 2434 Das
1701 2380 1832 2452 original
1851 2381 1991 2447 (Haiaoer
2010 2382 2063 2436 Url.

694 2467 834 2531 ebendort)
853 2466 890 2520 iet
911 2483 966 2520 nur
983 2467 1155 2521 stellenwetee
1173 2467 1270 2520 lectar.
1285 2497 1317 2505 -·
1339 2467 1496 2532 Grotefeod.

643 2557 742 2612 deda:
759 2557 974 2621 lfaodecember,
993 2556 1077 2610 Anat.
1092 2555 1185 2622 Han,
1204 2555 1290 2623 VIII,
1309 2560 1362 2610 304
1382 2579 1415 2602 =
1435 2557 1479 2624 Β.,
1497 2559 1558 2612 377.

428 2906 519 2984 892.
543 2916 611 2982 Der
641 2915 860 2998 Franlfurtcr
892 2915 1007 2997 Propst
1036 2914 1211 2980 Errrorclzo¹
1236 2916 1302 2980 tend
1332 2919 1401 2980 scio
1423 2915 1598 2980 Amtmuou
1629 2917 1790 3001 Sicpfricd
1820 2941 1880 2983 ron
1905 2920 2065 2983 Giscnler'ru

544 3025 608 3107 aelf
632 3026 688 3088 der
711 3027 808 3102 ciaon,
833 3023 900 3086 urici
922 3024 983 3086 (lus
1007 3023 1228 3104 Stiflslupitel,
1253 3026 1347 3088 socole
1369 3023 1425 3087 der
1442 3023 1542 3087 Vltor
1565 3023 1632 3087 und
1657 3024 1813 3088 Gldclmer
1836 3025 1995 3090 Hermone
2017 3023 2069 3104 olef

546 3132 603 3195 der
633 3131 755 3196 ande-ro
785 3133 879 3209 Seite,
911 3130 1103 3213 rcrplcirbca
1134 3129 1200 3194 sicli
1233 3131 1309 3194 t'lbcr
1337 3130 1397 3194 den
1426 3152 1500 3194 euro
1532 3131 1754 3196 Gldclmmuml
1783 3132 1839 3196 dor
1867 3131 1902 3196 F
1901 3133 2068 3213 rarrlfmlrr

544 3237 664 3302 Kirrlre
687 3239 857 3322 poledripcu
882 3237 1028 3301 Zelnten.
1081 3242 1172 3302 1307
1193 3237 1366 3302 November
1390 3241 1442 3301 15.

535 3380 575 3444 In
599 3378 727 3445 nomine
751 3377 881 3458 domini,
907 3397 1011 3443 amen.
1051 3377 1213 3444 Noverint
1230 3377 1375 3445 universi
1392 3384 1562 3460 presentes
1578 3385 1612 3444 et
1627 3376 1742 3462 iuturi,
1768 3383 1810 3446 ad
1827 3400 1959 3461 quorum
1975 3380 2068 3446 visum

428 3486 481 3552 vel
513 3486 661 3552 auditum
678 3485 702 3559 ll
721 3493 891 3570 presentes
923 3484 1035 3550 littere
1069 3483 1289 3566 pervenerint,
1321 3487 1417 3566 quod,
1450 3505 1521 3550 cum
1552 3484 1640 3551 inter
1671 3506 1740 3568 nos
1766 3487 2067 3568 Emmerchonenplt

430 3593 631 3675 prepositum
659 3591 795 3658 ecclesie
819 3589 1182 3674 Frankenlllordensis,
1208 3599 1241 3657 et
1266 3590 1422 3657 Silridum
1446 3594 1486 3657 de
1503 3593 1712 3675 Gysenheim,
1738 3593 1912 3660 officiatum
1936 3601 2068 3659 nostrum

428 3699 461 3764 in
479 3697 721 3778 Frankeniord,
739 3717 779 3764 ex
795 3717 870 3778 una,
888 3704 921 3762 et
938 3717 997 3763 nos
1013 3697 1070 3762 Ph.
1086 3700 1246 3764 decanum
1263 3704 1296 3763 et
1314 3749 1319 3762 .
1340 3750 1346 3762 .
1365 3697 1554 3780 capitulum,
1573 3718 1612 3764 ao
1628 3699 1853 3766 Hermannum
1869 3701 2067 3772 sacerdotem,

429 3807 588 3872 vicarium
618 3813 652 3871 et
682 3804 928 3886 campanarium
958 3803 1095 3869 ecclesie
1119 3802 1442 3870 Frankenfordensis
1474 3804 1631 3886 predicte,
1658 3825 1698 3871 ex
1722 3814 1819 3888 parte
1844 3807 1958 3888 altera,
1983 3824 2069 3885 super

429 3916 570 3994 quadam
594 3911 810 3995 ambiguitate
834 3918 868 3976 et
887 3909 1055 3977 dubietate
1072 3911 1241 3977 cuiusdam
1257 3911 1337 3977 iuris
1354 3910 1532 3993 decimalis
1557 3914 1600 3978 ad
1616 3911 1754 3979 officium
1770 3913 1979 3996 campanacie
1995 3911 2069 3975 dicte

429 4019 565 4086 ecclesie
589 4015 922 4098 FrankeniordensiS,
946 4025 984 4083 ut
1014 4017 1143 4099 dicitur,
1170 4017 1376 4100 pertinentis,
1401 4037 1463 4098 que
1494 4025 1630 4100 propter
1654 4019 1905 4086 diuturnitatem
1928 4017 2070 4100 temporis

430 4125 568 4192 cerciori
597 4127 691 4191 modo
721 4144 786 4190 non
818 4131 950 4206 poterat
974 4123 1114 4206 diffiniri,
1139 4131 1327 4191 verteretur
1349 4124 1490 4190 materia
1513 4125 1711 4208 questionis;
1743 4147 1803 4209 pro
1826 4130 1912 4194 bono
1935 4125 2022 4210 paris
2043 4130 2070 4187 et

430 4231 603 4298 concordie
626 4239 785 4314 perpetuo
806 4232 1010 4297 observande
1026 4229 1243 4314 infrascripta
1259 4231 1422 4298 ordinatio
1442 4231 1640 4312 intercessit,
1658 4232 1821 4316 videlicet,
1839 4236 1924 4316 quod
1942 4230 2071 4299 Silridus

430 4341 470 4405 de
494 4338 702 4422 Gyseuheim,
728 4356 863 4420 presens
894 4337 1063 4419 officiatus,
1089 4338 1329 4420 etquicunque
1354 4337 1523 4420 officiatus,
1549 4338 1604 4420 qui
1628 4347 1703 4422 post
1726 4338 1833 4422 ipsum
1856 4359 1914 4421 pro
1939 4347 2070 4420 tempore

428 4444 587 4511 fueritin
612 4451 815 4528 perpetuum,
841 4444 937 4511 aunis
961 4443 1098 4528 singulis
1123 4446 1216 4511 tollet
1240 4451 1274 4511 et
1298 4444 1458 4528 percipiet
1481 4443 1639 4511 decimam
1664 4444 1805 4512 omnium
1829 4443 2003 4524 fructuum,
2026 4440 2072 4522 qui

429 4552 558 4635 possint
592 4551 719 4618 conteri
748 4571 807 4634 per
837 4551 1065 4632 molendinum,
1089 4551 1244 4618 videlicet
1275 4550 1424 4635 siliginis
1457 4550 1569 4632 tritici,
1602 4550 1702 4632 ordei,
1734 4550 1898 4631 labarum,
1931 4551 2070 4634 pisorum.

428 4660 598 4740 viciarum,
623 4659 758 4726 lentium
789 4666 823 4724 et
853 4666 975 4740 cetera,
1000 4665 1068 4723 tam
1099 4676 1253 4741 agrorum
1284 4677 1382 4738 quam
1406 4664 1562 4740 ortorum,
1587 4657 1667 4739 qui.
1687 4711 1693 4723 .
1712 4659 1924 4740 campanario
1949 4661 2024 4723 dare
2045 4664 2072 4718 et

429 4768 558 4834 solvere
588 4767 730 4833 decimas
761 4771 1019 4846 consueverunt,
1051 4773 1085 4831 et
1116 4765 1223 4832 solvet
1254 4765 1349 4831 annis
1380 4764 1519 4848 singulis
1548 4761 1639 4831 inira
1668 4763 1758 4831 festa
1788 4763 2018 4848 assumptionis
2045 4767 2071 4826 et
2168 4823 2169 4830 ,

429 4873 618 4941 nativitatis
641 4873 747 4939 Maria
778 4871 916 4956 virginis
947 4871 1088 4956 gloriose
1120 4874 1244 4953 absque
1275 4871 1454 4954 preiudicio
1482 4871 1586 4938 iuris.
1608 4924 1614 4936 .
1634 4871 1794 4954 prepositi
1812 4924 1819 4936 .
1839 4925 1845 4936 .
1864 4868 2071 4954 campanario.

429 4979 486 5062 qui
507 4979 610 5046 luerit
633 4999 692 5062 pro
716 4987 872 5062 tempore,
898 4981 1009 5046 decem
1032 4986 1065 5045 et
1086 4985 1161 5045 octo
1178 4978 1300 5044 octalia
1317 4977 1455 5061 siliginis
1472 4996 1622 5044 mensure
1638 4975 1973 5058 Frankenlordensis,
1998 4997 2070 5043 ac..

431 5087 663 5169 campanarius
696 5086 732 5152 in
761 5086 860 5167 ortis,
893 5086 948 5167 qui
979 5088 1139 5152 hactenus
1170 5085 1329 5152 decimam
1359 5086 1528 5152 solverunt
1559 5083 1680 5166 eidem,
1713 5083 1901 5168 compositi,
1936 5083 2071 5150 caulium

430 5213 595 5276 raparum,
629 5193 816 5276 papaveris,
851 5211 1015 5275 ceparum,
1049 5192 1135 5274 allei,
1170 5191 1260 5274 porri
1293 5199 1326 5258 et
1358 5191 1543 5258 huiusmodi
1575 5198 1705 5258 tantum
1736 5189 1906 5257 fructuum
1930 5190 2073 5256 decimam
2167 5261 2168 5272 ἶ

429 5289 604 5383 percipiet
620 5308 654 5366 et
684 5300 752 5366 suis
781 5299 895 5366 usibus
925 5299 1027 5365 libere
1055 5297 1248 5381 applicabit.
1295 5297 1341 5363 Et
1364 5317 1405 5364 ne
1429 5297 1659 5380 suprascripta
1683 5296 1847 5364 ordinatio
1871 5318 1893 5363 a
1917 5297 2009 5364 nob's
2030 5291 2074 5362 rel
2167 5289 2168 5292 ’

429 5407 552 5475 nostris
583 5407 828 5473 successoribus
859 5405 1047 5486 aliqualiter
1076 5404 1288 5488 infringatur,
1320 5407 1377 5470 sed
1406 5411 1444 5470 ut
1473 5405 1567 5470 firme
1596 5405 1629 5471 in
1660 5411 1854 5487 perpetuum
1885 5409 2072 5486 perseveret.

484 5602 491 5632 ¹
513 5601 755 5670 Propstldmerrbo
769 5617 829 5655 war
838 5601 922 5655 achon
932 5601 1039 5655 &mab
1048 5601 1135 5654 durch
1144 5599 1232 5670 Papct
1286 5597 1440 5669 September
1449 5602 1505 5666 16).
1536 5599 1580 5652 Er
1591 5599 1838 5654 ctarbolscolcber
1849 5616 1897 5653 am
1908 5604 1950 5654 10.
1960 5599 2074 5653 Febrem
2166 5629 2167 5674 l

430 5688 557 5744 Klenenc
571 5689 602 5744 V.
621 5707 683 5743 eam
697 5689 818 5755 Biocbof
830 5706 882 5744 oon
894 5689 1003 5744 Wormo
1019 5689 1154 5759 dcaipnirt
1167 5688 1230 5758 (opt.
1287 5691 1364 5743 1318.
1966 5721 1969 5724 -

429 5778 664 5845 Kallenbrenner,
674 5778 867 5833 Votikanioclre
879 5779 1019 5845 Mittite,
1035 5778 1062 5846 I,
1081 5782 1142 5845 611,
1162 5782 1232 5832 1307
