4400 6384
411 304 477 372 300
1145 303 1214 359 1292
1233 299 1292 360 Juli
1312 304 1336 358 1.

411 521 446 568 se
477 499 557 567 dicti
586 499 778 568 monasterii
808 499 936 568 nomine
966 499 1135 582 possidere
1165 511 1273 568 ortum
1302 520 1410 582 unum,
1443 501 1498 582 qui
1528 499 1649 567 dicitur
1678 508 1771 568 ortus
1800 502 1927 570 Henrici
1947 505 2029 572 Furio

410 609 492 675 Iden
515 607 631 690 wirtis,
657 613 691 673 et
721 613 852 690 pratum
875 626 984 690 unum,
1009 611 1095 690 quod
1119 607 1239 674 dicitur
1262 606 1446 688 Rodewise,
1470 610 1555 689 quod
1579 615 1710 690 pratum
1732 610 1834 676 habet
1857 609 2030 678 inmensura

410 718 473 782 duo
504 715 620 800 iugera
649 722 761 798 preter
791 734 889 782 unum
920 716 1080 797 quartale.
1129 716 1179 782 De
1209 715 1327 797 quibus
1358 721 1430 780 orto
1461 725 1495 781 et
1522 721 1618 796 prato
1642 715 1781 799 singulis
1804 716 1896 783 annis
1915 718 1943 783 in
1962 717 2030 784 iesto

409 823 500 889 beati
522 821 660 889 Martini
683 822 830 905 episcopi
852 822 916 906 ipsi
939 823 1138 890 monasterio
1162 829 1305 904 quatuor
1328 821 1448 889 solidos
1468 822 1836 888 Frankenvordensium
1859 825 2031 890 denariorum

410 935 444 995 et
467 931 548 996 duos
573 949 738 1013 cappones
763 929 939 1011 persolvet.
987 931 1070 996 Item
1094 928 1297 1012 recognovit,
1322 947 1358 994 se
1381 927 1549 1010 possidere
1572 929 1700 995 nomine
1717 929 1860 996 eiusdem
1876 931 2032 996 monasterii

407 1036 441 1102 in
472 1035 563 1102 dicta
591 1034 671 1105 villa
700 1036 905 1121 Eekinheym
935 1035 1058 1103 curiam
1088 1054 1197 1118 unam,
1228 1054 1324 1116 quam
1354 1035 1425 1116 ipse
1455 1035 1664 1101 Hildemarus
1693 1036 1869 1118 inhabitat,
1901 1035 1957 1124 [dle
1982 1057 2032 1118 qua

408 1142 501 1210 curia
524 1143 631 1211 solvet
653 1143 718 1226 ipsi
740 1143 939 1210 monasterio
963 1142 1103 1227 siugulis
1127 1142 1224 1208 annis
1248 1141 1386 1208 solidum
1409 1143 1778 1210 Frankenvordeusr'um
1801 1143 1990 1210 denariomm
2008 1151 2033 1208 et

409 1249 530 1333 pullum
561 1269 659 1316 unum
689 1249 723 1316 in
753 1247 868 1338 i[e]sto
898 1249 990 1316 beati
1013 1247 1150 1315 Martini
1180 1249 1380 1330 supradicto.
1427 1249 1585 1314 Preterea
1614 1249 1807 1332 recognovit
1837 1250 1942 1331 etiam,
1968 1253 2034 1330 quod

409 1356 518 1424 omnia
546 1359 730 1438 bonaque
760 1358 861 1423 habet
891 1363 924 1422 et
955 1357 1103 1438 possidet
1131 1354 1165 1422 in
1195 1355 1286 1422 dieta
1315 1354 1394 1423 villa
1424 1361 1458 1420 et
1489 1355 1523 1420 in
1551 1356 1701 1422 terminis
1725 1356 1896 1440 predictis,
1919 1356 2035 1440 possidet

409 1463 537 1531 nomine
560 1461 753 1530 monasterii
776 1462 969 1547 supradicti,
993 1481 1243 1546 recognoscens,
1268 1481 1304 1528 se
1328 1481 1414 1528 nunc
1437 1461 1537 1528 nichil
1560 1463 1682 1528 habere
1705 1462 1739 1528 in
1755 1463 1904 1530 terminis
1920 1463 2036 1546 predicte

408 1570 485 1639 ville
508 1569 702 1636 Eckinbeim
726 1569 814 1636 etin
839 1570 913 1652 ipsa
936 1569 1024 1650 villa,
1049 1576 1162 1652 preter
1184 1588 1284 1636 unum
1306 1567 1454 1652 iugerum
1478 1567 1646 1650 incultum,
1672 1573 1757 1651 quod
1778 1571 1928 1654 iugerum
1941 1590 2037 1636 nuncu-

408 1685 509 1760 patur
531 1697 571 1743 zu
595 1680 653 1744 der
669 1677 936 1760 Langinhecken,
962 1683 1073 1758 preter
1096 1678 1184 1742 bona
1205 1673 1398 1742 monasterii
1420 1675 1597 1756 prenotati.
1643 1676 1782 1760 Eligens
1803 1686 1924 1760 sponte
1937 1676 2037 1744 nomme

408 1803 501 1867 pene,
533 1787 619 1866 quod
651 1783 680 1850 si
711 1783 744 1849 in
777 1783 938 1850 solutione
969 1782 1135 1865 pensionis
1165 1790 1199 1848 et
1229 1800 1382 1848 censuum
1412 1782 1671 1866 prescriptorum
1701 1784 1851 1851 terminis
1882 1783 2038 1866 prehabitis

408 1889 508 1958 inerit
538 1890 708 1975 negligens
738 1890 792 1959 vel
820 1890 985 1972 remissus,
1011 1892 1108 1956 cadet
1138 1891 1180 1956 ab
1204 1888 1291 1955 omni
1314 1889 1394 1970 iure,
1419 1892 1504 1971 quod
1528 1890 1630 1956 habet
1653 1890 1687 1956 in
1709 1891 1806 1957 bonis
1829 1891 1994 1974 premissis,
2013 1897 2038 1954 et

406 1999 482 2081 ipsa
503 2001 592 2065 bona
615 1997 745 2082 singula
767 2004 801 2064 et
823 1997 980 2065 universa
1003 2000 1044 2063 ad
1067 1995 1176 2080 ipsum
1198 1996 1433 2062 monasterium
1457 1997 1559 2063 libere
1576 2004 1609 2063 et
1625 1998 1776 2064 absolute
1791 1999 1861 2064 sine
1877 1998 2038 2064 conditione

408 2105 555 2188 qualibet
588 2112 807 2172 revertentur.
865 2105 1043 2186 Postquam
1072 2123 1152 2172 uero
1183 2103 1334 2187 prelatus
1364 2104 1576 2170 Hildemarus
1606 2106 1648 2171 ab
1677 2106 1741 2171 hac
1770 2106 1844 2174 uita
1873 2103 2037 2181 decesserit,

408 2213 545 2278 heredes
580 2212 631 2278 sui
666 2231 725 2295 pro
759 2209 885 2278 meliori
914 2211 1024 2295 capite
1055 2211 1186 2278 solvent
1215 2209 1381 2277 dimidiam
1410 2230 1556 2277 marcam
1586 2211 1795 2278 denariorum
1825 2212 2039 2279 coloniensium

406 2319 606 2386 monasterio
622 2324 809 2385 memorato.
842 2319 960 2384 Testes
976 2318 1071 2384 buius
1087 2324 1254 2384 tractatus
1269 2325 1362 2384 sunt:
1387 2317 1536 2385 dominus
1549 2319 1752 2403 Dytbmarus
1768 2322 1913 2386 decanus
1929 2316 2039 2386 ecclesie

407 2427 748 2507 Frankenvordensia
766 2427 935 2492 Conradus
945 2425 1145 2507 Wobelinus‚
1156 2425 1331 2492 Volmarus
1348 2425 1456 2492 irater
1467 2443 1556 2506 suus,
1570 2425 1697 2492 scabini
1709 2427 2039 2494 Frankenvordenses:

408 2532 562 2599 Wikerus
593 2532 700 2599 irater
723 2535 907 2614 eorundem,
933 2541 966 2598 et
990 2551 1086 2614 quam
1110 2532 1221 2614 plures
1245 2531 1302 2598 alii
1323 2531 1487 2615 fidedigni.
1535 2533 1575 2598 In
1599 2532 1691 2598 cuius
1713 2533 1762 2599 rei
1786 2533 1998 2600 testimonium
2016 2537 2040 2595 et

407 2639 535 2705 roboris
551 2639 738 2706 firmitatem
755 2659 814 2705 nos
832 2692 838 2704 .
859 2692 864 2704 .
884 2639 1043 2706 scultetus
1060 2646 1094 2706 et
1112 2693 1118 2704 .
1138 2693 1144 2704 .
1162 2638 1289 2706 scabini
1305 2638 1488 2722 supradicti
1504 2641 1546 2704 ad
1563 2647 1715 2723 rogatum
1727 2639 1871 2722 sepelati
1883 2636 2042 2706 Hildemari

408 2744 549 2828 sigillum
568 2745 795 2813 universitatis
811 2744 900 2828 opidi
915 2745 1245 2814 Frankenvordensis
1262 2747 1470 2828 presentibus
1486 2745 1636 2812 duximus
1653 2750 1911 2829 appendendum.
1944 2751 2041 2813 Actum

409 2871 495 2917 anno
519 2851 639 2918 domini
662 2851 829 2919 millesimo
853 2852 1075 2918 ducentesimo
1099 2853 1310 2936 nonagesimo
1333 2855 1487 2934 secundo,
1512 2852 1545 2918 in
1570 2860 1691 2920 octava
1714 2855 1955 2936 penthecostes.

625 2993 671 3048 Or.
685 2993 772 3064 Pyrat.
810 2993 873 3048 Dos
892 2993 980 3065 Stupet
997 2995 1070 3060 fehlt.
1108 2995 1186 3049 lach.

622 3081 720 3136 Gedn:
739 3083 855 3148 Reimea
875 3083 901 3151 I,
920 3083 1137 3138 carneadem
1157 3083 1230 3138 Or..
1268 3083 1341 3137 Hier
1358 3083 1519 3138 wiederholt.
1556 3085 1684 3155 Auaeup:
1702 3086 1803 3140 Arnab.
1818 3085 1909 3156 drab,
1923 3090 1978 3141 169.

626 3171 720 3226 Vera:
737 3169 843 3241 Scriba,
862 3171 931 3242 IV',
952 3173 1005 3227 No.
1019 3176 1097 3228 3617.

408 3465 500 3546 613.
525 3473 732 3562 Pfoleqrdfin
760 3475 912 3541 Mechtild
945 3475 992 3540 bei
1023 3473 1129 3539 Rhein
1159 3475 1241 3559 plebi
1272 3476 1340 3540 ihre
1369 3475 1604 3562 Einmilliprmp
1633 3499 1676 3540 aa
1705 3478 1763 3542 der
1792 3479 1975 3563 Schenhunp
1999 3477 2042 3540 der

524 3583 646 3649 Kirche
668 3584 734 3648 und
757 3584 812 3648 des
837 3582 1009 3647 Patrooats
1031 3604 1073 3646 au
1097 3581 1344 3647 Hoheresachsen
1366 3605 1411 3648 an
1425 3583 1485 3648 das
1500 3582 1839 3650 Deotsehordenshous
1854 3609 1897 3650 aa
1911 3587 2042 3652 Sama

524 3693 654 3757 bonesen.
702 3690 865 3773 Nerthurp,
890 3693 979 3754 1292
1000 3688 1072 3754 Juli
1096 3694 1126 3753 1.

515 3834 583 3900 Nos
599 3831 798 3912 Maehtildis,
816 3830 868 3897 dei
884 3829 998 3914 gracia
1015 3829 1183 3897 comitissa
1198 3831 1347 3914 palatino
1363 3831 1458 3913 Remi,
1476 3831 1609 3900 ducissa
1620 3833 1782 3915 Bawarie,
1800 3842 1912 3901 notum
1924 3832 2042 3900 iacimus

410 3939 609 4024 presentium
629 3939 652 4012 li
672 3936 964 4026 [inspectoribus]⁸
986 3937 1159 4019 universis,
1185 3942 1269 4020 quod
1294 3959 1354 4004 nos
1377 3939 1586 4005 donationem
1609 3938 1734 4006 laetam
1757 3959 1817 4022 per
1844 3942 1995 4008 dominum
2014 3944 2042 4002 et

408 4047 561 4114 maritum
592 4053 740 4112 nostrum
772 4043 991 4127 karissimum,
1022 4044 1171 4112 inclitum
1201 4045 1352 4113 comitem
1369 4046 1395 4119 ll
1413 4046 1596 4128 palatinum
1626 4047 1721 4129 Reni,
1753 4050 1869 4114 ducem
1900 4045 2039 4121 Beuum

410 4153 562 4220 discretis
586 4151 666 4221 viris
698 4151 953 4218 commendatori
976 4159 1011 4217 et
1033 4149 1195 4218 fratribus
1219 4156 1333 4218 domus
1357 4153 1635 4220 'lheutunicorum
1658 4155 1692 4220 in
1711 4153 1735 4228 ll
1753 4153 1989 4222 Franckenimt
2007 4151 2039 4214 de

410 4259 550 4328 ecclesia
579 4267 613 4325 et
642 4259 713 4325 iure
744 4265 941 4342 patronatus
972 4257 1116 4325 eiusdem
1145 4259 1179 4324 in
1212 4259 1445 4326 Saehsenheim
1475 4263 1706 4344 approbamus,
1738 4261 1938 4329 ratificamus
1957 4267 1986 4325 et
2005 4258 2038 4322 ad

410 4386 492 4448 eam,
523 4367 557 4432 in
587 4373 744 4448 quantum
774 4373 890 4432 nostra
919 4365 1069 4448 interest,
1101 4366 1294 4433 adhibemus
1317 4375 1465 4433 nostrum
1489 4387 1681 4434 consensum
1706 4367 1926 4436 voluntarium
1946 4374 1976 4432 et
1994 4383 2039 4429 er-

410 4493 567 4556 pressum,
592 4472 741 4540 volentes
771 4480 968 4539 memoratos
999 4472 1123 4540 iratres
1152 4480 1187 4539 et
1217 4477 1345 4540 domum
1373 4473 1409 4540 in
1431 4474 1682 4542 Franckeniurt
1703 4477 1850 4558 gaudere
1873 4475 1906 4542 in
1928 4469 2038 4557 prelata

410 4580 550 4647 ecelesia
572 4580 659 4646 omni
682 4600 719 4646 eo
743 4579 824 4662 iure,
849 4583 934 4662 quod
957 4579 991 4646 in
1015 4600 1071 4647 eos
1094 4601 1154 4663 per
1168 4581 1275 4664 ipsum
1291 4581 1454 4648 dominum
1470 4588 1504 4647 et
1519 4581 1673 4647 maritum
1687 4587 1837 4648 nostrum
1853 4580 2037 4648 karissimum

410 4695 461 4754 est
485 4687 691 4770 translatum,
717 4687 802 4753 sicut
817 4687 850 4753 in
866 4687 1093 4754 instrumentis
1110 4687 1179 4756 sive
1196 4687 1376 4772 privilegiis
1392 4687 1560 4769 conceptis
1575 4695 1610 4753 et
1627 4708 1687 4770 per
1701 4687 1884 4769 predictum
1900 4684 2037 4753 dominum

410 4802 444 4860 et
472 4793 625 4862 maritum
648 4801 796 4860 nostrum
820 4793 867 4859 eis
891 4794 978 4860 datis
1002 4794 1129 4877 plenius
1153 4801 1204 4860 est
1227 4814 1426 4876 expressum,
1456 4797 1574 4861 dantes
1597 4795 1645 4861 eis
1668 4796 1729 4861 has
1752 4802 1886 4862 nostras
1909 4797 2037 4877 patentes

409 4901 539 4968 litteras
572 4920 670 4984 super
703 4920 740 4966 eo
772 4900 806 4966 in
840 4900 1070 4982 testimonium,
1107 4901 1307 4984 appensione
1343 4901 1442 4986 sigilli
1476 4901 1582 4967 nostri
1616 4901 1843 4968 nichilominus
1877 4903 2034 4968 roboratas.

409 5009 528 5074 Actum
560 5015 594 5074 et
625 5011 738 5075 datum
760 5006 794 5074 in
817 5007 1058 5090 Nuwenburoh,
1084 5028 1170 5075 anno
1195 5007 1316 5075 domini
1338 5029 1379 5075 m.
1402 5029 1448 5075 ec.
1471 5008 1682 5092 nonagesimo
1706 5011 1861 5092 secundo,
1885 5009 1918 5075 in
1938 5012 2038 5072 oetam

408 5115 571 5182 lobannis
595 5115 750 5197 baptiste.

624 5257 669 5312 Or.
684 5257 771 5326 Ppmt.
791 5257 840 5311 mit
865 5257 923 5312 dem
948 5256 1036 5327 Sieqel
1061 5257 1110 5311 der
1134 5258 1314 5312 Auratellerr'n
1339 5273 1377 5312 on
1401 5257 1705 5328 Pergaeam-&rotsea
1742 5257 1905 5324 Karismhe,
1929 5248 2037 5311 General-

675 5345 888 5401 Landeaarchiv.
909 5377 941 5384 -
963 5346 1120 5412 Grotesend.

626 5436 719 5490 Vera.-
740 5435 897 5490 Oberrhrr'n.
917 5435 1056 5503 Zeitechr,
1077 5435 1215 5504 XXXII,
1233 5440 1295 5504 206,
1327 5435 1518 5505 Koch-Wille,
1542 5437 1608 5507 Ray.
1628 5437 1678 5490 der
1693 5436 1879 5508 Psalaqralea
1897 5455 1937 5492 aar
1954 5429 2037 5492 Rheib

674 5525 727 5580 No.
742 5528 820 5591 1271,
854 5524 998 5596 Pellenepy
1023 5525 1076 5580 No.
1093 5528 1144 5579 709
1167 5527 1238 5580 mco
1256 5523 1369 5594 Καρίαν
1392 5541 1460 5580 caea.
1475 5525 1540 5580 XV.
1554 5525 1592 5578 im
1608 5519 2035 5582 Romanorum-cessatorio,

679 5615 768 5682 Wien,
787 5615 855 5669 ohne
876 5615 1066 5683 Tapesdutum,
1092 5615 1145 5669 dua
1163 5616 1228 5669 uber
1246 5616 1316 5670 auch
1334 5616 1365 5668 in
1382 5615 1480 5669 diesem
1499 5616 1574 5670 stela.

675 5776 700 5828 a)
715 5773 791 5816 Fonte
803 5774 838 5816 im
853 5773 894 5818 Or.
910 5807 916 5817 .
