4400 6384
386 320 451 384 328
1078 316 1148 370 1294
1167 314 1284 370 October
1301 315 1344 370 28.

386 520 420 579 et
443 513 510 579 suis
534 513 708 579 heredibus
732 515 771 578 de
796 513 892 578 dictis
917 515 1010 578 domo
1035 519 1069 578 et
1092 512 1184 578 curia
1208 514 1350 578 dandam
1373 519 1407 578 et
1430 512 1670 594 porrigendam.
1714 511 1981 594 Resignaverunt
2004 519 2038 576 et

386 619 664 686 renunciaverunt
686 618 783 685 iidem
807 619 973 684 Arnoldus
997 625 1030 684 et
1055 619 1125 684 eius
1148 617 1243 683 liberi
1266 618 1353 684 omni
1373 617 1448 700 iuri,
1480 620 1565 699 quod
1588 618 1670 700 ipsis
1696 618 1729 683 in
1754 618 1904 699 predicta
1927 638 2039 684 marca

386 726 592 792 denariorum
624 745 741 791 census
773 726 989 807 competebat.
1038 724 1262 790 Promiserunt
1291 724 1517 790 nichilominus
1540 724 1713 806 prelibatis
1736 724 1884 790 Brunoni
1907 723 2038 805 suisque

385 833 560 898 heredibus
584 835 623 897 de
647 832 721 914 ipsa
743 852 856 897 maroa
879 829 990 897 iacere
1003 831 1206 924 warandiam
1226 831 1369 897 debitam
1386 837 1420 896 et
1437 837 1636 912 cousuetam,
1654 837 1688 895 et
1703 851 1763 912 pro
1778 831 1852 913 ipsa
1868 830 2039 897 warandia

384 936 539 1004 facienda
569 938 745 1020 sepedictis
776 937 923 1004 Brunoni
954 945 987 1004 et
1017 939 1085 1004 suis
1116 937 1292 1004 heredibus
1315 937 1400 1003 idem
1423 938 1590 1004 Arnoldus
1614 940 1809 1019 conradum,
1834 937 1904 1002 eius
1928 936 2036 1016 lilium,

385 1046 564 1111 Henricum
594 1046 717 1111 dictum
747 1045 863 1126 Eukir,
896 1053 929 1111 et
954 1046 1182 1112 Gerbodonem
1205 1043 1414 1125 piscatorem,
1440 1064 1517 1110 suos
1540 1063 1688 1127 generos
1715 1043 1887 1110 constituit
1909 1043 2039 1109 fideius-

386 1171 486 1218 sores.
535 1153 652 1218 Testes
682 1152 778 1217 huius
809 1158 901 1217 sunt:
927 1152 1091 1217 Volradus
1119 1151 1279 1216 scultetus
1304 1151 1523 1232 supradictus
1548 1152 1749 1217 Wernherus
1773 1153 1813 1216 de
1836 1151 2037 1231 Wanebach,

386 1258 494 1341 Gyplo
529 1261 569 1324 de
601 1258 797 1339 Hohhusin,
831 1257 1019 1324 Hertwicus
1051 1260 1090 1323 de
1124 1257 1204 1323 Alta
1237 1261 1345 1338 domo,
1380 1258 1546 1323 Arnoldus
1579 1261 1619 1322 de
1651 1258 1833 1341 Glouburg,
1867 1259 2039 1323 Conradus

385 1365 610 1446 Burneflecke,
643 1366 815 1430 Cunradus
845 1367 886 1430 de
921 1365 1026 1446 Spira,
1059 1364 1195 1445 scabini,
1228 1372 1261 1429 et
1289 1364 1498 1445 quamplures
1521 1362 1578 1430 alii
1600 1364 1765 1448 fidedigni.
1812 1362 1853 1430 In
1876 1362 1969 1430 cuius
1991 1363 2039 1429 rei

386 1471 606 1537 testimonium
630 1491 689 1538 nos
707 1524 712 1536 .
733 1524 739 1536 .
758 1472 919 1537 scultetus
943 1477 976 1537 et
994 1523 999 1534 .
1020 1523 1027 1535 .
1045 1471 1172 1536 scabini
1196 1470 1363 1552 prenotati
1393 1471 1435 1535 ad
1466 1476 1620 1553 rogatum
1650 1471 1795 1552 partium
1818 1470 2038 1553 predictarum

387 1577 527 1660 sigillum
560 1577 787 1644 universitatis
820 1577 1151 1645 Frankenvordensis
1185 1576 1393 1658 presentibus
1426 1576 1576 1642 duximus
1607 1579 1866 1659 appendendum.
1920 1579 2037 1642 Actum

387 1703 472 1750 anno
496 1684 617 1750 domini
640 1684 808 1750 millesimo
832 1683 1053 1750 ducentesimo
1077 1683 1288 1766 nonagesimo
1313 1690 1441 1764 quarto,
1466 1683 1500 1748 in
1523 1683 1638 1766 vigilia
1653 1683 1876 1765 apostolorum
1890 1683 2038 1767 Symonis

388 1795 422 1856 et
445 1791 542 1856 Jude.

603 1931 648 1986 Or.
663 1931 749 2002 Ppmr.
764 1931 813 1984 mit
832 1931 1002 1985 Brucheldclc
1020 1931 1066 1985 deo
1084 1932 1283 2001 cnledapeuden
1301 1931 1478 2000 Sludlaiepels
1485 1935 1536 1998 (2).
1569 1931 1608 1985 st.
1622 1932 1656 1986 A.
1672 1931 1723 1986 Fr.
1738 1932 1836 1986 Barth.
1848 1931 1888 1986 St.
1899 1933 2035 1987 Nesseo.

602 2021 700 2075 Geur..·
719 2020 763 2087 13,
781 2023 835 2074 290
853 2021 923 2074 noch
941 2021 1000 2074 dem
1021 2021 1067 2075 Or.
1089 2061 1094 2074 .

387 2322 479 2400 662.
502 2333 695 2400 Schultheiss
724 2333 854 2412 Volrud,
885 2335 935 2398 die
967 2335 1111 2416 Scbr'lffou
1152 2335 1218 2397 carui
1250 2335 1381 2418 Biirper
1412 2357 1473 2400 oca
1504 2335 1689 2418 Froulrfu-rd
1721 2337 1931 2414 beurkundeo,
1965 2337 2036 2400 dass

503 2438 680 2518 Kulutuau,
704 2440 760 2504 der
783 2441 869 2506 Sohn
891 2440 945 2504 des
964 2441 1084 2504 Wiclrer
1107 2441 1172 2521 aas
1191 2440 1248 2505 der
1263 2441 1400 2520 Briiclre,
1425 2443 1491 2506 trud
1513 2443 1625 2507 descen
1639 2441 1735 2508 Frou
1757 2464 1801 2508 aa
1816 2443 1962 2507 Volktoin
1983 2464 2037 2507 tamt

504 2546 639 2612 Welelor
662 2544 725 2617 2¹h
750 2545 864 2627 Hersen
888 2550 921 2610 io
946 2545 1209 2627 Hos-Erlmboch
1235 2548 1382 2628 verkaufl
1404 2548 1515 2613 lobea.
1541 2555 1650 2638 ,1294
1676 2550 1805 2617 October
1827 2555 1881 2614 28.

494 2688 561 2752 Nos
584 2687 749 2753 Volradus
773 2688 942 2768 scultetus
969 2686 1095 2753 scabini
1119 2688 1285 2769 ceterique
1309 2689 1398 2755 cives
1422 2692 1461 2755 de
1478 2688 1716 2756 Frankeniurt.
1757 2690 1885 2755 'fenore
1908 2709 2036 2771 presen-

388 2793 472 2858 cium
496 2793 769 2876 recognoscimus,
795 2797 880 2874 quod
906 2794 1114 2875 Colmannus
1139 2794 1225 2860 filius
1249 2798 1412 2876 quondam
1428 2795 1574 2880 Wicgeri
1594 2796 1629 2861 in
1652 2797 1765 2877 Ponte,
1791 2802 1825 2862 et
1847 2795 2035 2874 Katherina,

388 2919 471 2965 uxor
494 2899 564 2965 eius
587 2899 758 2983 legittima,
784 2899 889 2966 nostri
913 2899 1074 2980 concives
1099 2901 1135 2966 in
1158 2901 1264 2966 nostri
1287 2902 1461 2983 presencia
1485 2903 1657 2969 constituti
1680 2903 1899 2969 vendiderunt
1922 2902 1985 2968 rite
2006 2908 2037 2967 et
2148 2911 2151 2914 ’

388 3005 634 3072 racionabiliter
656 3005 743 3071 iusto
767 3005 969 3072 vendicionis
994 3006 1100 3086 titulo,
1127 3007 1365 3074 communicata
1387 3029 1486 3074 manu
1510 3016 1544 3075 et
1566 3009 1711 3076 unanimi
1739 3029 1899 3075 consensu
1922 3009 2037 3074 Valck-

389 3112 475 3179 wino
508 3115 548 3178 de
570 3111 752 3192 Wetliaria,
789 3118 823 3178 et
847 3112 1021 3195 Gcrdrudi,
1048 3113 1143 3178 uxori
1175 3113 1245 3178 eius
1276 3113 1446 3197 legittime,
1478 3115 1601 3182 nostris
1631 3115 1831 3195 concivibus,
1863 3135 1902 3181 ac
1932 3133 2037 3180 eorum

388 3219 563 3285 heredibus
587 3221 668 3284 duos
691 3237 823 3284 mansos
847 3237 919 3283 cum
943 3218 1097 3285 dimidio⁸
1119 3226 1207 3286 terre
1231 3221 1367 3287 arabihs
1389 3222 1424 3286 in
1440 3222 1588 3288 terminis
1604 3222 1680 3288 ville
1697 3222 1783 3288 dicte
1799 3221 1878 3287 Holi
1891 3221 2038 3287 Irlebach

389 3325 480 3407 sitos,
507 3325 632 3408 precise
657 3328 753 3391 etde
777 3326 875 3406 plano
899 3345 936 3390 eo
960 3325 1040 3406 iure,
1066 3345 1129 3407 quo
1161 3325 1251 3408 ipsos
1281 3326 1501 3410 possiderunt,
1533 3328 1604 3394 iure
1635 3327 1854 3410 proprietario
1885 3334 2037 3409 perpetuo

389 3432 619 3514 possidendae,
646 3437 688 3512 et,
721 3431 749 3496 si
776 3430 853 3513 quid
877 3439 965 3498 terre
995 3431 1131 3498 arabihs
1161 3433 1368 3499 transcendit
1398 3433 1504 3500 dictos
1537 3435 1618 3500 duos
1646 3453 1779 3500 mansos
1804 3453 1878 3499 cum
1901 3432 2037 3498 dimidio.

390 3541 477 3619 quod
507 3538 605 3604 iidem
629 3539 840 3604 Volchwinus
871 3545 904 3604 et
934 3557 995 3604 sua
1018 3537 1159 3603 coniunx
1183 3558 1264 3621 erga
1287 3536 1437 3620 prefatos
1461 3540 1675 3606 Culmanuum
1699 3548 1733 3606 et
1757 3559 1851 3606 suam
1875 3538 2039 3621 coniugem

390 3647 627 3726 comparabunt
661 3650 693 3709 et
727 3651 835 3711 ement
865 3645 959 3710 iuxta
993 3645 1236 3711 estimacionem
1271 3651 1305 3710 et
1337 3646 1620 3728 comparacionem
1653 3647 1876 3728 predictorum
1909 3648 2039 3711 duorum

390 3770 576 3818 mansorum
609 3771 681 3817 cum
712 3749 871 3833 dimidio,b
901 3771 965 3832 qua
998 3751 1089 3833 ipsos
1122 3758 1271 3817 emerunt
1302 3758 1337 3817 et
1368 3760 1654 3834 comparaverunt.
1710 3753 1978 3836 Resignavemnt
2009 3753 2040 3814 et

390 3857 668 3924 renunciaverunt
699 3858 897 3924 Culmannus
928 3864 961 3924 et
985 3857 1054 3923 eius
1085 3877 1168 3923 uxor
1190 3857 1224 3922 in
1253 3858 1361 3941 ligura
1384 3859 1490 3924 nostri
1511 3858 1624 3924 iudicii
1647 3859 1733 3925 omni
1755 3858 1830 3939 iuri,
1855 3860 1940 3939 quod
1962 3849 2041 3938 ipsis

389 3963 424 4028 in
448 3964 569 4029 eisdem
592 3964 714 4029 mansis
739 3967 954 4046 courpetebat.
1008 3964 1232 4030 Promiserunt
1256 3964 1483 4031 nichilominus
1506 3965 1679 4048 prelibatis
1701 3965 1894 4031 Volckwino
1919 3970 1951 4030 et
1974 3963 2041 4028 eius

389 4069 564 4135 heredibus
589 4073 628 4135 de
651 4071 732 4152 ipsis
756 4070 878 4136 mansis
903 4077 936 4136 et
960 4071 1116 4152 quidquid
1140 4073 1182 4137 ad
1198 4074 1328 4137 eosdem
1348 4078 1500 4153 spectare
1516 4072 1698 4138 dinoscitur
1713 4070 1825 4138 iacere
1841 4070 2042 4138 warandiam

390 4177 521 4258 iustam,
546 4175 690 4241 debitam
714 4183 748 4242 et
772 4182 971 4243 consuetam.
1008 4179 1125 4244 Testes
1149 4177 1245 4243 huius
1261 4184 1353 4243 sunt:
1378 4179 1545 4244 Volradus
1562 4180 1723 4245 scultetus
1739 4177 2043 4260 predictus,Wern-

391 4284 490 4348 herus
520 4285 559 4348 de
587 4284 769 4363 Wanbach,
806 4284 913 4366 Gyplo
947 4287 986 4349 de
1017 4283 1233 4365 Hultzhusen,
1267 4283 1455 4350 Hertwicus
1486 4288 1526 4351 de
1558 4286 1639 4352 Alta
1669 4289 1773 4364 domo,
1808 4284 1973 4350 Arnoldus
2004 4282 2042 4345 de

392 4389 573 4472 Glauburg,
606 4390 776 4455 Corradus
806 4389 1010 4472 Bornfiecke,
1043 4392 1214 4456 Corradus
1241 4393 1281 4456 de
1308 4390 1414 4473 Spira,
1447 4389 1588 4458 Siiridus
1620 4395 1660 4458 de
1684 4392 1905 4476 Gysenhepun,
1935 4390 2043 4455 Rode

391 4515 499 4580 gerus,
524 4496 747 4582 Ludle)wicus
771 4498 810 4561 de
827 4495 1040 4578 Holtzhusen,
1065 4498 1236 4563 Johannes
1259 4496 1387 4565 iuvenis
1410 4498 1597 4582 Goltsteyn,
1623 4497 1758 4579 scabini,
1784 4505 1817 4563 et
1838 4495 2043 4579 quamplures

391 4603 447 4669 alii
470 4603 633 4688 fidedigni.
666 4605 705 4669 In
729 4604 820 4670 cuius
844 4603 892 4670 rei
916 4602 1137 4669 testimonium
1161 4623 1220 4668 nos
1244 4604 1405 4670 scultetus
1429 4610 1463 4669 et
1486 4604 1614 4671 scabini
1637 4603 1820 4686 supradicti
1837 4606 1880 4670 ad
1895 4609 2044 4685 rogatum

392 4711 539 4793 parcium
552 4711 774 4793 predictarum
787 4710 928 4794 sigillum
938 4709 1167 4776 universitatis
1178 4707 1502 4776 Frankenlurdensis
1515 4717 1662 4776 nostrum
1676 4710 1886 4792 presentibus
1898 4707 2044 4774 duximus

392 4819 649 4900 appendendum.
686 4820 807 4884 Actum
827 4837 913 4883 anno
936 4817 1056 4883 domini
1077 4819 1117 4881 rh.
1133 4811 1175 4882 dc.
1195 4817 1348 4898 XCIIII,
1372 4816 1407 4882 in
1424 4817 1475 4882 die
1491 4817 1713 4899 apostolorum
1731 4816 1885 4899 Symonis
1901 4822 1933 4882 et
1948 4815 2044 4880 Jude.

605 4960 747 5024 Absolvrist
765 4959 796 5013 io
813 4959 1100 5014 loborantur-Becher
1119 4959 1171 5014 No.
1187 4963 1230 5028 15,
1249 4960 1269 5025 f.
1284 4960 1339 5014 XI.
1377 4961 1417 5013 St
1430 4961 1465 5014 A.
1480 4959 1531 5013 Fr.

606 5049 705 5103 Getta:
723 5049 750 5102 B
760 5090 768 5116 ,
786 5052 839 5103 291
858 5050 928 5104 noch
941 5049 1076 5103 derselbeu
1094 5049 1218 5117 Vorloyc

392 5353 483 5430 663.
507 5364 699 5429 Srbobhas·
720 5363 849 5442 Volrocl,
874 5365 924 5427 dio
947 5363 1092 5444 Sohdffru
1125 5363 1189 5426 torui
1216 5361 1343 5445 Biirper
1375 5385 1432 5425 rou
1458 5361 1489 5424 F
1490 5361 1639 5442 rochford
1669 5360 1881 5438 bcrrrluudeu,
1914 5361 1974 5421 wie
2002 5358 2049 5420 die

509 5471 640 5552 Zvoee'sel
664 5473 808 5554 irtbrdreff
826 5473 881 5535 dos
904 5472 1024 5534 dicineo
1042 5469 1154 5548 Zoliea
1182 5471 1313 5534 toeloben
1331 5470 1381 5532 die
1396 5469 1498 5532 Bilta·
1514 5467 1653 5550 Krppler
1668 5471 1726 5530 seed
1742 5467 1851 5531 illiers
1868 5487 1939 5529 trouu
1956 5463 2047 5529 heich

506 5599 548 5641 act
577 5579 682 5643 cheu
711 5584 869 5663 yclropco,
894 5578 995 5642 (lorch
1023 5577 1127 5642 Rura
1149 5576 1293 5641 Diclricb
1316 5576 1456 5657 Keppler
1485 5576 1551 5639 corui
1581 5573 1696 5639 andere
1720 5574 1869 5656 beseilipt,
1895 5573 1966 5636 tend
1996 5574 2050 5634 tric

661 5779 685 5820 a)
705 5769 823 5823 Verlupc:
837 5769 972 5822 ,dimldlu'.
1000 5769 1023 5819 b)
1043 5769 1163 5822 Vorluye:
1176 5767 1315 5820 „dimedw¹
