4400 6384
866 362 935 416 1301
954 361 1062 416 Jannar
1081 362 1122 416 14.
1758 364 1823 430 389

164 578 246 640 pons
285 562 325 626 de
359 560 603 642 Frankenvort,
642 559 699 624 ubi
737 559 910 627 multitudo
949 560 1122 641 hominum,
1162 561 1359 642 animalium,
1400 580 1563 642 curruum,
1602 561 1823 628 vehiculorum

164 667 328 732 transitus
359 666 555 748 multiplices
586 674 620 732 et
650 665 840 747 frequentes
869 666 960 748 iacit,
987 654 1140 751 congruis
1170 667 1353 734 elemosinis
1377 687 1398 732 a
1421 668 1544 734 Christi
1567 669 1716 735 fidelibus
1741 669 1824 734 cari-

164 772 271 840 tative
302 779 517 854 sustentetur,
543 772 691 839 omnibus
721 793 799 839 vere
829 773 1054 855 penitentibus
1085 781 1118 839 et
1149 771 1318 856 confessis
1344 774 1400 856 qui
1431 775 1572 856 predicti
1595 775 1704 857 pontis
1728 795 1824 857 repa-

164 879 361 960 rationibus,
387 879 672 945 emendacionibus
696 900 753 946 seu
770 879 843 945 aliis
860 879 1003 946 eiusdem
1019 881 1225 963 necessariis,
1251 881 1279 946 si
1295 901 1357 963 que
1373 881 1506 948 flumina
1521 882 1624 948 multa
1640 882 1824 964 periculosa

164 1004 281 1052 cursus
310 1004 386 1052 suos
410 983 547 1067 faciunt,
572 985 622 1052 ita
648 988 743 1068 quod,
769 985 832 1052 nisi
855 994 1006 1053 recenter
1029 993 1063 1053 et
1087 987 1240 1054 continue
1263 987 1349 1053 idem
1372 1007 1454 1070 pons
1478 987 1655 1070 reficiatur,
1681 991 1824 1070 dampna

164 1091 365 1172 multimoda,
400 1092 490 1158 tedia
525 1099 558 1157 et
591 1091 824 1175 impedimenta
857 1093 1000 1159 maxima
1034 1093 1097 1160 toti
1129 1093 1248 1177 populo
1281 1093 1472 1175 frequenter
1504 1093 1726 1175 imminebunt,
1760 1114 1822 1176 quo

165 1198 348 1279 quibusque
364 1199 500 1265 valeant
523 1201 563 1264 de
580 1198 674 1264 bonis
691 1198 754 1273 sibi
770 1219 790 1265 a
806 1202 866 1265 deo
883 1199 1013 1266 collatis
1029 1220 1146 1266 manus
1163 1200 1369 1282 porrexerint
1386 1200 1565 1267 adiutrices
1581 1202 1634 1267 vel
1651 1201 1823 1282 quicquam

164 1302 364 1371 facultatum
388 1324 521 1370 suarum
544 1303 578 1370 in
603 1304 758 1371 extremis
781 1304 973 1372 laborantes
997 1307 1100 1372 eidem
1116 1307 1210 1388 ponti
1225 1307 1419 1390 legaverint,
1445 1307 1650 1389 donaverint,
1675 1307 1824 1374 miserint

163 1430 222 1476 seu
247 1411 507 1493 procuraverint,
532 1431 659 1477 necnon
683 1411 738 1493 qui
761 1412 943 1494 predictum
967 1420 1099 1494 pontem
1123 1416 1162 1480 de
1185 1415 1430 1495 Frankenvort,
1455 1413 1648 1497 Maguntine
1673 1414 1821 1496 diocesis,

163 1537 223 1599 per
246 1523 346 1601 grata
368 1517 527 1583 karitatis
551 1517 700 1584 subsidia
723 1518 841 1599 spiritu
864 1518 1060 1585 humilitatis
1084 1526 1119 1585 61
1141 1519 1362 1586 misericordie
1385 1519 1596 1587 visitaverint
1620 1540 1678 1586 seu
1694 1519 1824 1587 visitari

162 1620 314 1704 iecerint,
339 1642 400 1689 nos
431 1625 470 1690 de
500 1623 732 1706 omnipotentis
763 1623 816 1690 dei
844 1624 1070 1691 misericordia
1099 1628 1270 1692 beatorum
1293 1626 1384 1693 Petri
1416 1633 1449 1692 et
1471 1626 1574 1708 Pauli,
1601 1627 1823 1709 apostolorum

164 1729 247 1811 eius,
272 1729 474 1796 auctoritate
498 1730 621 1812 confisi,
647 1730 768 1814 singuli
790 1738 938 1797 nostrum
962 1731 1109 1815 singulas
1134 1732 1258 1798 dierum
1283 1736 1513 1816 quadragenas
1532 1736 1572 1798 de
1588 1732 1742 1799 iniunctis
1762 1733 1825 1800 sibi

163 1835 368 1918 penitenciis
394 1839 564 1902 dummodo
596 1856 774 1903 consensus
805 1837 971 1904 diocesani
1002 1841 1044 1903 ad
1074 1838 1108 1903 id
1140 1839 1326 1920 accesserit,
1352 1839 1608 1909 misericorditer
1637 1839 1671 1904 in
1695 1839 1822 1906 domino

162 1940 359 2008 relaxamus.
400 1943 440 2008 In
463 1943 556 2008 cuius
579 1943 629 2009 161
652 1943 874 2010 testimonium
890 1945 1038 2026 presenti
1053 1945 1177 2027 scripto
1195 1945 1303 2030 sigilla
1319 1953 1434 2012 nostra
1451 1945 1600 2012 duximus
1617 1948 1821 2028 apponenda,

163 2048 288 2115 Datum
315 2050 428 2131 Rome,
461 2069 547 2116 anno
578 2049 700 2116 domini
729 2049 897 2116 millesimo
929 2049 1006 2132 cci,
1038 2051 1251 2133 pontificatus
1282 2053 1403 2118 domini
1432 2051 1597 2119 Bonilacii
1626 2071 1712 2134 pape
1728 2031 1821 2118 vni.

162 2174 251 2221 anno
275 2162 380 2221 sexto.

271 2259 472 2328 Godelridus
502 2263 662 2344 plebanus
691 2263 726 2329 11
754 2263 918 2331 Svalbach
948 2264 1034 2330 hanc
1056 2264 1298 2348 indulgenciam
1322 2268 1364 2331 ad
1388 2271 1520 2347 pontem
1543 2267 1644 2331 Fran.
1667 2269 1707 2331 (16
1732 2265 1824 2330 61111

162 2368 315 2434 Romana
338 2368 462 2434 attulit.

380 2527 426 2582 Or.
439 2527 527 2597 qut.
564 2528 624 2582 Von
643 2531 677 2581 13
689 2528 795 2596 Sicpeln
816 2529 867 2593 (oo
878 2527 1055 2596 Hanssdden,
1075 2530 1145 2596 roth,
1164 2529 1311 2597 spitsooal)
1331 2530 1395 2584 sind
1413 2531 1602 2586 Bruclutltchc
1620 2533 1786 2599 1611611161,
1805 2537 1824 2586 2

432 2615 552 2685 Strdnpc
568 2616 633 2670 aiod
651 2618 712 2671 leer.
749 2617 978 2671 Sacbeenboucen.

380 2704 480 2759 (leda.-
491 2706 536 2773 Β,
546 2707 600 2759 337
610 2705 871 2774 (semimodium,
882 2705 1040 2774 Grotesend,
1055 2706 1175 2772 Franks.
1186 2707 1399 2774 Nescjabrablatt
1410 2712 1480 2762 1880
1487 2708 1513 2763 S.
1526 2711 1566 2762 12.
1580 2710 1653 2764 Hier
1660 2709 1822 2763 wiederholt.

163 3050 257 3127 776.
279 3060 472 3125 Schulthetss
496 3061 660 3140 Heinrich,
684 3062 736 3125 (116
757 3063 904 3144 Schdffeo
926 3063 992 3126 und
1015 3063 1216 3127 Rutbshcrru
1238 3085 1280 3127 11(
1303 3063 1488 3145 Froolcsrot
1512 3066 1721 3144 beorhondcn,
1745 3066 1823 3130 (loss

280 3167 383 3231 Ruta
400 3167 538 3232 Gerlach
560 3189 620 3232 1611
635 3168 804 3233 Rohrbaeh
827 3173 883 3232 1111
897 3169 1132 3253 Einrcilh'punp
1155 3173 1257 3234 1111161
1273 3172 1375 3234 Sdhoe
1397 3173 1466 3235 dem
1477 3172 1598 3236 horter
1616 3194 1685 3236 com
1695 3172 1823 3237 Wtdder

280 3274 347 3338 uod
369 3275 480 3339 descen
495 3274 590 3339 Fran
606 3281 627 3338 8
643 3276 754 3340 Acuta
771 3277 895 3341 Wizcn
904 3277 1082 3356 jiihrlc'rhcr
1096 3277 1196 3340 Bouto
1212 3278 1276 3357 ates
1288 3280 1373 3340 einer
1390 3277 1479 3356 Hufc
1495 3281 1529 3341 111
1544 3278 1600 3341 (161·
1618 3277 1823 3362 (1616111661

280 3403 341 3445 von
367 3380 640 3464 Ober-Dorfelden
662 3382 810 3462 oerhotcst
832 3384 919 3447 habe.
967 3389 1053 3446 1301
1077 3383 1210 3448 Jancror
1233 3389 1285 3447 14.

272 3543 339 3609 Nos
362 3541 538 3608 Heinricus
561 3540 732 3624 scultetus
752 3594 758 3606 .
778 3594 784 3606 .
802 3541 930 3608 scabini
953 3548 986 3608 et
1011 3541 1161 3608 consules
1185 3545 1224 3607 (16
1248 3543 1491 3610 Frankinvord.
1540 3544 1667 3609 Tenore
1688 3563 1822 3624 presen-

163 3650 250 3716 cium
281 3647 545 3732 recognoscimus
578 3647 706 3729 publice
730 3645 753 3720 ll
776 3650 973 3731 profitendo,
1008 3651 1093 3729 quod
1114 3648 1285 3730 ¹Gerlocus
1319 3651 1359 3715 de
1383 3650 1538 3716 Rorbach
1569 3650 1671 3730 miles,
1710 3657 1823 3716 noster

163 3755 319 3838 concivis,
352 3775 419 3821 111
451 3775 524 3820 cum
555 3754 743 3836 llberwino,
777 3754 977 3821 Theoderico
1012 3761 1045 3821 et
1078 3756 1229 3836 Gerlaco,
1250 3753 1275 3829 ll
1291 3754 1366 3821 filiis
1399 3755 1477 3837 suis,
1503 3775 1584 3836 quos
1614 3759 1822 3837 quondama

163 3863 296 3929 domina
319 3863 418 3928 Jutta
448 3864 488 3928 de
511 3862 731 3945 Cronenherg,
763 3881 865 3927 uxore
896 3861 965 3927 eius
993 3861 1165 3946 legittima,
1191 3868 1436 3944 procreaverat,
1463 3863 1701 3928 communicata
1723 3882 1821 3928 manu

162 3967 331 4052 pallrique
362 3987 523 4034 consensu
553 3968 701 4034 vendidit
731 3968 817 4033 iusto
848 3967 1050 4036 vendicionis
1082 3968 1179 4034 titulo
1195 3968 1349 4052 Wicgero
1374 3971 1414 4034 de
1433 3968 1549 4035 Ariete
1572 3977 1606 4034 et
1629 3969 1820 4052 Katberine,

160 4076 260 4142 uxori
292 4075 362 4141 eius
393 4074 563 4158 legittime,
594 4074 717 4141 nostris
750 4075 949 4156 concivibus
984 4095 1159 4156 eorumque
1191 4075 1366 4141 heredibus
1399 4095 1498 4158 super
1521 4096 1586 4142 uno
1610 4095 1723 4142 manso
1747 4095 1823 4156 pro-

162 4181 327 4266 prietario
359 4182 394 4248 in
428 4181 576 4247 terminis
608 4181 787 4262 superioris
819 4181 896 4248 ville
926 4182 1115 4248 Dorvelden
1147 4181 1220 4263 sito,
1252 4201 1347 4263 quem
1377 4182 1506 4262 quidem
1535 4202 1685 4249 mansum
1715 4181 1822 4248 dictus

162 4289 327 4356 Gerlacus
350 4306 422 4353 curn
446 4287 536 4353 dicta
558 4307 660 4354 uxore
683 4308 744 4353 sua
760 4289 858 4354 Jutta
881 4294 1007 4354 emerat
1029 4294 1063 4354 et
1087 4295 1328 4371 conparaverat
1353 4288 1667 4370 apndWollramum
1691 4307 1823 4371 campa-

162 4394 292 4461 narium
327 4393 463 4473 ibidem,
494 4401 569 4460 octo
602 4394 723 4460 octalia
756 4395 894 4479 siliginis
924 4395 1249 4461 Frankinvordensis
1280 4415 1430 4461 mensure
1462 4415 1569 4462 annue
1600 4402 1634 4461 et
1664 4403 1822 4478 perpetue

161 4500 341 4584 pensionis
386 4504 457 4586 Qne
479 4520 558 4568 vero
583 4508 656 4566 6616
681 4501 803 4566 octalia
826 4501 966 4585 siliginis
990 4500 1131 4583 prefatis
1148 4502 1300 4585 Wicgero
1325 4501 1457 4582 suisque
1480 4503 1655 4578 heredibus
1679 4501 1838 4585 singulis*

162 4607 261 4673 annis
291 4604 381 4673 infra
410 4610 473 4672 duo
497 4605 586 4672 festa
609 4607 846 4688 assumpcionis
870 4615 902 4672 et
928 4607 1115 4676 nativitatis
1139 4611 1237 4674 beate
1261 4606 1366 4673 Mario
1391 4608 1529 4691 virginis
1553 4610 1674 4674 debent
1697 4607 1823 4690 porrigi

160 4713 398 4780 Frankinvord
428 4719 463 4778 et
490 4713 741 4795 amministrum,
766 4714 940 4797 resignans
964 4719 998 4779 et
1021 4715 1219 4781 renuncians
1241 4714 1326 4780 idem
1351 4714 1511 4781 Gerlacus
1535 4734 1601 4780 una
1625 4733 1697 4780 cunr
1723 4714 1821 4778 dictis

160 4820 235 4886 suis
264 4819 341 4885 filiis
364 4819 451 4886 omni
473 4819 546 4901 iuri,
572 4823 656 4901 quod
682 4820 802 4886 eisdem
826 4819 860 4884 in
884 4819 1040 4901 predictis
1065 4827 1139 4886 octo
1165 4820 1326 4886 octalibus
1350 4820 1489 4903 siliginis
1514 4821 1721 4903 conpetebat,
1747 4840 1822 4902 pro-

159 4925 299 4992 mittens
330 4925 556 4992 nichilominus
580 4926 752 5008 prehbatis
767 4926 920 5009 Wicgero
944 4925 1076 5007 suisque
1099 4927 1276 4993 heredibus
1300 4929 1340 4992 de
1364 4930 1478 4993 eadem
1502 4927 1657 5010 pensione
1681 4925 1821 5008 siliginis

159 5031 276 5099 facere
306 5032 510 5099 warandiam
538 5032 670 5113 iustam,
695 5033 841 5099 debitam
872 5040 906 5099 et
936 5040 1137 5100 consuetam.
1185 5035 1232 5099 Et
1255 5053 1353 5115 super
1376 5033 1450 5114 ipsa
1473 5034 1645 5101 warandia
1668 5031 1821 5098 facienda

158 5137 355 5204 Heinricum
371 5140 411 5205 de
423 5138 696 5205 Hatzichenstein
712 5139 939 5220 etVolradum,
954 5143 1117 5220 qnondam
1134 5141 1308 5206 scultetum
1321 5139 1676 5222 Frankinvordensem,
1690 5139 1819 5220 milites,

158 5244 354 5311 memoratis
374 5245 527 5329 Wicgero
558 5252 593 5311 et
622 5245 691 5311 eius
721 5245 896 5311 heredibus
926 5246 1099 5312 constituit
1129 5246 1347 5312 fideiussores.
1403 5247 1595 5312 Condictum
1626 5254 1675 5312 est
1707 5246 1819 5326 eciam,

159 5353 250 5433 qnod
286 5370 488 5432 quocumque
523 5371 602 5418 casu
635 5351 845 5436 contingente
878 5351 1037 5434 sepedicti
1061 5352 1233 5436 Wicgerus
1266 5352 1320 5419 vel
1352 5351 1403 5417 sui
1434 5353 1571 5419 heredes
1603 5353 1638 5418 in
1670 5353 1822 5434 predicta

158 5456 320 5539 pensione
343 5456 482 5541 siliginis
505 5457 727 5540 inpedimento
749 5465 953 5542 paterentur,
978 5458 1043 5542 ipsi
1065 5479 1100 5525 se
1125 5463 1164 5526 de
1188 5459 1335 5542 predicto
1359 5478 1482 5541 maneb,
1508 5462 1593 5526 unde
1616 5459 1690 5541 ipsa
1706 5459 1821 5540 pensio

158 5563 306 5647 siliginis
335 5564 515 5648 derivatur,
539 5564 760 5631 intromittere
791 5567 956 5632 debebunt
986 5573 1020 5632 et
1049 5551 1157 5649 ipsum
1186 5585 1336 5632 mansum
1358 5565 1469 5631 locare
1494 5565 1628 5647 tamdiu,
1654 5585 1820 5646 quousque

157 5670 227 5753 ipsi
253 5689 346 5736 suam
369 5670 558 5752 pensionem
581 5670 720 5754 siliginis
743 5673 928 5756 neglectam
951 5672 1082 5755 penitus
1107 5679 1359 5754 consequantur.
1400 5673 1518 5738 Testes
1542 5671 1638 5738 huius
1662 5673 1710 5738 rei
1726 5679 1819 5738 sunt:

157 5776 331 5843 Arnoldus
361 5778 401 5841 de
432 5775 613 5860 Glauburg,
644 5776 833 5843 Hertwicus
863 5779 903 5843 de
932 5778 1013 5843 Alta
1043 5780 1147 5860 domo,
1174 5776 1314 5845 Silridus
1346 5781 1385 5844 de
1414 5778 1616 5862 Gysinheim,
1649 5781 1821 5846 Cunradus
