4400 6384
406 300 468 363 152
1091 294 1160 347 1272
1179 292 1326 349 December
1346 295 1369 347 1.

403 500 481 559 tunc
510 513 582 559 eam
614 492 678 560 dici
706 512 764 575 per
792 491 890 559 alium
919 492 1119 573 procurabit.
1186 489 1311 557 Statuit
1339 488 1436 556 etiam
1464 496 1498 555 et
1525 488 1692 577 ordinavit
1717 489 1803 554 idem
1828 488 1870 553 E.
1899 488 2060 571 plebanus

402 600 480 665 si..
502 603 645 666 decanus
676 606 709 665 11
733 598 911 680 capitulum
936 599 1254 665 Frankenvordense
1278 596 1568 663 contravenirent
1591 596 1690 661 aham
1713 616 1886 678 personam
1910 596 2060 679 eligendo

402 726 499 788 quam
523 709 737 787 sacerdotem,
762 713 797 771 et
819 707 881 771 hoc
904 704 993 771 infra
1016 712 1145 786 tempus
1169 724 1190 769 a
1211 704 1282 769 iure
1308 711 1469 769 statutum
1494 703 1659 787 corrigere
1682 702 1897 785 neglexerint,
1922 724 2061 769 venera-

402 813 477 880 bilis
501 812 649 880 dominus
667 865 672 878 .
693 865 698 878 .
718 812 983 895 archiepiscopus
1007 811 1231 895 Magantinus,
1256 811 1312 892 qui
1335 818 1413 877 tunc
1437 830 1496 892 pro
1521 818 1667 892 tempore
1686 808 1796 890 luerit,
1822 830 1895 875 eam
1911 808 2060 876 conferet

402 924 528 1005 ydoneo
545 907 732 985 sacerdoti.
780 919 952 985 Predictus
982 938 1109 999 quoque
1140 917 1308 1000 plebanae,
1333 920 1440 999 quoad
1470 918 1600 998 vixerit,
1625 925 1659 983 et
1682 918 1733 983 sui
1755 937 1965 983 successores
1989 938 2062 999 pre-

403 1026 500 1094 dictis
526 1026 708 1093 redditibus
732 1033 829 1092 erunt
853 1024 1007 1107 contenti,
1033 1046 1092 1091 nec
1117 1024 1315 1107 presenciae,
1340 1044 1409 1107 nec,
1436 1025 1464 1091 si
1487 1024 1609 1105 aliquid
1628 1044 1668 1089 ex
1683 1023 1859 1107 largitione
1879 1044 1996 1108 regum
2010 1026 2062 1090 vel

401 1134 635 1216 imperatorum
665 1133 719 1201 vel
750 1133 886 1200 aliorum
917 1133 968 1215 pie
1000 1132 1153 1199 collatum
1184 1130 1295 1213 luerit,
1327 1132 1460 1215 exigent
1489 1132 1543 1198 vel
1571 1133 1749 1197 habebunt.
1796 1130 1909 1213 Elegit
1933 1152 2060 1213 quoque

404 1246 584 1323 spontanee
599 1240 684 1306 idem
700 1240 873 1322 ErpertuS,
888 1244 972 1321 quod
990 1239 1018 1305 si
1033 1237 1124 1305 inira
1139 1240 1320 1322 predictum
1338 1238 1512 1305 triennium
1528 1247 1602 1304 octo
1619 1258 1803 1305 marcarum
1820 1238 2061 1305 Coloniensium

404 1346 552 1413 redditus
576 1367 640 1413 nou
665 1346 886 1428 compleverit,
912 1346 975 1411 nisi
996 1346 1195 1429 inpotencia,
1220 1366 1282 1427 que
1306 1345 1440 1412 evidens
1464 1346 1508 1411 sit
1531 1353 1565 1411 et
1589 1346 1727 1421 notoria,
1751 1346 1857 1428 ipsum
1881 1348 1925 1412 ab
1950 1346 2061 1411 huius-

404 1453 490 1520 modi
513 1453 758 1536 comparatione
782 1452 1000 1534 excusaverit,
1027 1505 1033 1518 .
1061 1506 1067 1518 .
1093 1456 1237 1519 decanus
1260 1460 1294 1519 et
1318 1452 1496 1534 capitulum
1521 1452 1661 1535 predicti
1683 1454 1725 1518 ab
1740 1453 1892 1535 ingressu
1912 1453 2059 1534 capituli,

406 1564 449 1626 ad
472 1563 557 1642 quod
581 1579 666 1625 nunc
688 1560 794 1641 ipsum
818 1559 979 1642 recipiunt
1004 1566 1037 1625 et
1061 1560 1249 1641 admittunt,
1275 1563 1331 1626 sed
1356 1580 1420 1626 non
1444 1581 1465 1625 a
1488 1559 1698 1643 perceptione
1721 1560 1906 1625 reddituum
1931 1580 2061 1642 compa

405 1674 553 1733 ratorum
582 1667 688 1749 ipsum
719 1666 846 1749 possint
881 1670 1090 1749 suspendere,
1123 1670 1225 1733 donec
1260 1668 1425 1749 predictos
1460 1667 1608 1733 redditus
1641 1667 1770 1751 integre
1805 1667 2059 1747 comparaverit.

404 1781 442 1840 ut
474 1781 525 1839 est
557 1774 688 1840 dictum.
742 1774 812 1839 Hec
845 1773 953 1839 omnia
985 1773 1105 1839 statuit
1137 1774 1221 1839 idem
1251 1774 1290 1839 E.
1316 1776 1474 1857 plebanus
1507 1781 1541 1840 et
1573 1774 1750 1839 canonicus
1780 1773 1850 1839 sine
1881 1774 2060 1856 preiudicio

405 1881 541 1948 alicuius
566 1872 599 1946 et
622 1883 665 1946 ad
689 1881 912 1963 complendum
936 1882 995 1946 hec
1019 1880 1128 1946 omnia
1151 1881 1300 1963 predicta
1322 1901 1425 1963 usquc
1449 1884 1491 1947 ad
1506 1881 1689 1964 predictum
1705 1880 1878 1947 terminum
1892 1882 1986 1946 bona
2001 1881 2060 1945 fide

405 1996 439 2055 et
473 1988 560 2054 omni
594 1988 666 2053 dolo
702 1986 832 2053 excluso
861 1986 945 2052 idem
972 1988 1011 2053 Ε.
1042 2006 1152 2053 coram
1179 1988 1274 2054 nobis
1300 2008 1335 2053 se
1363 1990 1543 2070 perfidem
1571 1987 1737 2053 astrinxit.
1791 1986 1923 2052 Adiecit
1950 1987 2059 2065 etiam.

404 2103 442 2161 ut
472 2096 500 2161 si
527 2093 616 2161 inira
640 2092 815 2160 triennium
840 2092 1062 2175 supradictum
1088 2094 1214 2176 aliquos
1238 2094 1386 2161 redditus
1410 2094 1652 2177 comparaverit
1675 2094 1760 2160 etsi
1783 2094 1888 2175 ipsum
1913 2094 2061 2177 egrotari

405 2201 590 2286 contigerit,
616 2204 655 2267 de
679 2201 862 2268 redditibus
886 2200 1085 2283 comparatis
1109 2208 1220 2284 potest
1240 2200 1353 2268 lacere
1367 2202 1461 2267 iuxta
1477 2222 1534 2268 sue
1549 2202 1677 2267 libitum
1694 2200 1884 2268 voluntatis.
1927 2202 2060 2267 Statuto

405 2312 445 2375 de
475 2308 602 2377 vicaria
626 2308 661 2373 in
686 2328 746 2374 sua
769 2308 924 2374 firmitate
948 2316 1110 2373 manente.
1158 2310 1198 2373 In
1222 2309 1313 2375 cuius
1336 2309 1384 2375 rei
1407 2309 1543 2375 evidens
1566 2308 1786 2375 testimonium
1810 2315 1844 2372 et
1867 2313 2060 2389 perpetuam

404 2416 591 2483 firmitatem
615 2415 721 2499 sigillo
745 2422 857 2480 nostro
881 2414 1108 2481 roboravimus
1132 2435 1268 2498 presens
1287 2416 1453 2496 scriptum.
1495 2416 1617 2481 Datum
1633 2414 1817 2498 Maguncie,
1835 2433 1922 2480 anno
1940 2414 2059 2480 domini

404 2543 446 2589 m.
469 2542 514 2588 cc.
536 2522 631 2588 lXX.
654 2524 806 2603 secundo,
830 2522 864 2586 iu
887 2520 1001 2605 vigilia
1023 2521 1211 2589 nativitatis
1234 2524 1332 2588 beate
1355 2522 1493 2605 virginis
1516 2521 1630 2587 111111.

622 2638 668 2691 Or.
682 2637 758 2708 Ppm.
784 2638 846 2692 Dae
865 2637 1043 2707 artbdapendc
1061 2636 1148 2707 Sicpel
1165 2638 1202 2691 iat
1220 2643 1302 2691 111111
1321 2638 1482 2707 beccbddipt.

620 2725 658 2781 St.
675 2728 709 2781 A.
724 2727 774 2780 Fr.
788 2727 886 2781 Barth.
900 2726 939 2781 St.
954 2727 1006 2780 No.
1022 2730 1098 2781 1207.

621 2816 720 2871 Gerla:
737 2816 916 2884 Wdrdtwein,
935 2816 1014 2869 Dloc.
1029 2816 1105 2885 Mop.
1118 2815 1162 2882 II,
1181 2819 1241 2870 552.
1279 2816 1323 2884 B,
1344 2820 1395 2869 159
1413 2817 1484 2870 nach
1501 2816 1561 2869 dem
1582 2815 1649 2869 Or..

405 2981 498 3057 307.
522 2990 640 3073 Aptius,
670 2989 720 3053 (lic
747 2988 942 3053 1111111111
966 2987 1105 3051 Konrud
1130 3009 1186 3051 ron
1210 2987 1398 3070 b'rlvrinberp,
1425 2986 1585 3069 iibertruiyd
1607 2986 1658 3049 dic
1680 2986 1780 3049 11111111
1804 2986 1889 3049 111111
1913 2985 2060 3050 Bruders

528 3096 638 3163 Ulrt'clt
664 3118 721 3161 oon
740 3096 957 3179 Miinzeaberp
976 3096 1043 3159 Tou
1066 3096 1118 3159 ihr
1140 3096 1336 3179 rupefollcac
1355 3092 1542 3175 Erbsclruft,
1567 3094 1648 3158 11111
1671 3093 1858 3158 orabbatem.
1879 3092 2059 3173 faeciales

521 3204 764 3286 Rechtsapruclc,
788 3204 866 3267 cluss
881 3207 927 3267 sic
942 3203 1080 3267 durilbm·
1100 3203 1251 3286 rcrsr'ipea
1267 3202 1375 3280 11111111,
1399 3202 1459 3265 den
1475 3202 1599 3265 ruoltona
1616 3202 1700 3264 ihrer
1722 3200 1905 3277 Schrcrcster,
1934 3199 2059 3281 Philipp

522 3312 588 3375 aad
621 3312 749 3376 Wcrncr
772 3332 832 3375 ¹oon
855 3309 1066 3374 Polaenum.
1115 3309 1306 3390 1111111111,
1332 3314 1422 3373 1272
1442 3306 1612 3372 December
1639 3312 1665 3370 7.

513 3428 625 3510 Agnes
649 3425 767 3492 relicta
790 3424 907 3491 nobilis
932 3424 995 3490 viri
1018 3424 1161 3490 conradi
1191 3426 1353 3505 quondam
1384 3424 1424 3487 de
1453 3422 1652 3505 Schonberg.
1700 3422 1828 3487 Tenore
1858 3422 2058 3503 presentium

408 3536 450 3599 ad
473 3532 700 3599 universorum
730 3532 881 3598 notitiam
906 3530 1077 3613 pervenire
1109 3531 1213 3613 cupio,
1244 3530 1371 3613 publice
1403 3530 1594 3611 profitendo,
1627 3532 1710 3610 quod
1736 3548 1817 3609 cum,
1851 3530 2058 3611 presentibus

407 3639 597 3707 officialibus
614 3642 653 3705 de
665 3639 838 3723 Fridberg,
853 3638 1101 3719 deWetzflaria,
1120 3640 1160 3703 de
1172 3637 1413 3721 Geylenhusen,
1431 3636 1625 3717 quibusdam
1641 3635 1769 3717 imperii
1780 3634 2057 3715 ministerialibus,

407 3748 600 3831 quibusdam
631 3750 670 3813 de
701 3746 844 3813 scabinis
877 3746 1048 3813 civitatum
1080 3744 1302 3827 predictarum
1333 3752 1367 3810 et
1397 3743 1614 3811 universitate
1646 3741 1853 3809 scabinorum
1885 3743 2005 3811 civium
2025 3744 2058 3808 in

407 3853 645 3937 Frankenlurt,
687 3874 797 3920 coram
831 3853 951 3919 iudicio
984 3854 1128 3919 eiusdem
1161 3852 1308 3918 civitatis
1341 3851 1584 3918 sententialiter
1616 3850 1779 3931 evicerim,
1814 3858 1847 3916 et
1882 3851 2058 3917 communis

407 3962 509 4029 fuerit
532 3962 697 4028 sententia
727 3982 786 4045 pro
811 3981 861 4027 me
891 3961 971 4043 lata,
1004 3962 1089 4041 quod
1113 3959 1330 4025 hereditatem
1353 3958 1546 4036 huiusmodi,
1571 3956 1677 4038 qualis
1701 3977 1741 4022 ex
1764 3964 1869 4024 morte
1893 3958 1999 4024 Uhici
2020 3961 2057 4023 de

407 4070 629 4153 Minzenberg,
654 4068 771 4135 fratris
795 4068 857 4134 mei
881 4068 932 4151 pie
956 4066 1119 4147 memorie,
1145 4076 1221 4149 post
1244 4066 1367 4131 obitum
1391 4065 1502 4131 mariti
1524 4063 1588 4131 mei
1611 4062 1734 4147 prelati
1758 4067 1800 4130 ad
1830 4083 1881 4130 me
1906 4065 2058 4131 devoluta

407 4176 471 4244 luit
495 4185 529 4243 et
552 4176 682 4243 devolvi
704 4176 889 4256 videbatur,
915 4176 1095 4255 cuicunque
1119 4173 1235 4241 vellem
1256 4177 1334 4239 dare
1359 4181 1392 4237 11
1417 4170 1567 4239 11111111
1591 4191 1729 4254 possem,
1754 4171 1835 4237 iuris
1859 4171 1974 4237 ordine
1998 4192 2057 4237 non

408 4293 634 4368 transgresso:
660 4302 720 4365 ego
745 4282 980 4348 deliberatione
1004 4281 1180 4363 prehabita
1203 4289 1237 4346 et
1261 4302 1301 4346 ex
1323 4280 1425 4346 libero
1449 4300 1520 4345 meo
1536 4279 1673 4345 arbitrio
1691 4280 1827 4345 eandem
1842 4279 2056 4345 hereditatem

408 4392 570 4459 nobilibus
594 4390 674 4458 viris
701 4389 905 4471 ..Philippo
936 4396 970 4454 et
993 4390 1174 4455 Wernhero
1205 4388 1366 4455 iratribus
1397 4390 1436 4453 de
1467 4387 1694 4467 Falhenstein,
1726 4386 1850 4453 sororis
1880 4407 1952 4453 mee
1976 4386 2055 4463 filiis

408 4500 483 4566 dedi
506 4505 540 4565 11
564 4496 687 4564 contuli
709 4496 891 4563 liberaliter
915 4503 948 4561 et
972 4496 1104 4578 permisi
1134 4496 1215 4579 ipsis
1246 4504 1413 4562 eteorum
1437 4495 1612 4561 heredibus
1636 4503 1794 4577 perpetuo
1819 4494 2054 4577 possidendam,

408 4606 531 4672 nullum
546 4604 624 4671 mihi
640 4605 793 4687 deinceps
809 4604 860 4670 ius
877 4604 1049 4670 vindicans
1065 4604 1097 4669 in
1116 4606 1237 4669 eadem.
1264 4604 1404 4684 Insuper
1420 4622 1547 4683 quoque
1564 4602 1651 4667 dicte
1666 4600 1844 4667 hereditati
1861 4602 2056 4669 abrenuncio

408 4735 467 4798 per
495 4722 665 4797 presentes
698 4712 813 4778 literas
847 4711 1005 4777 absolute.
1054 4710 1162 4776 Huius
1194 4710 1243 4776 rei
1276 4715 1379 4775 testes
1412 4719 1504 4775 sunt:
1540 4713 1710 4775 llonradus
1747 4712 1785 4774 de
1823 4710 2054 4776 Sassenhuseu.

407 4822 560 4888 Winther
590 4823 630 4885 de
656 4819 911 4903 Breunigsheim,
935 4819 1097 4884 1111111111
1122 4816 1255 4905 [dictus]
1283 4817 1439 4898 Schelme,
1471 4817 1632 4884 Gerlacus
1655 4815 1762 4882 frater
1785 4836 1874 4898 suus,
1900 4818 2056 4884 Gerlacus

408 4933 447 4995 de
472 4927 735 5007 Bommersheim,
760 4928 950 4992 Burcardus
974 4929 1013 4990 de
1031 4925 1157 5007 'Ursela
1182 4927 1351 4991 l'onradus
1368 4926 1408 4989 de
1427 4924 1613 5004 Soltzbach,
1630 4922 1794 4989 Henricus
1818 4927 1858 4989 de
1874 4925 2056 5009 Hatzegen-

409 5037 504 5119 stein,
529 5038 732 5103 Hartmudus
757 5038 795 5100 de
813 5035 1037 5099 sassenhusen
1061 5032 1488 5112 111111111111111111111,
1513 5031 1643 5110 milites,
1668 5030 1796 5113 imperii
1818 5030 2054 5098 ministeriales.

409 5151 442 5211 et
465 5164 562 5226 quam
586 5143 694 5225 plures
719 5141 775 5208 alii
798 5142 860 5207 fide
885 5140 984 5224 digni.
1018 5142 1057 5205 In
1078 5140 1175 5205 huius
1190 5138 1476 5205 reitestimonium
1492 5139 1628 5205 evidens
1644 5146 1677 5204 et
1693 5138 1846 5204 stabilem
1861 5140 2053 5217 firmitatem,

408 5258 595 5334 presentem
627 5248 756 5315 literam
788 5248 870 5330 ipsis
903 5248 987 5330 dedi,
1023 5247 1122 5329 sigilli
1156 5246 1219 5312 mei
1251 5249 1369 5313 robore
1403 5246 1641 5312 communitam.
1690 5246 1813 5311 Datum
1837 5253 1872 5311 et
1894 5253 2003 5311 actum
2024 5246 2055 5309 in

408 5356 643 5439 Frankenlort,
668 5357 702 5422 in
726 5356 870 5423 crastino
894 5355 984 5421 beati
1008 5354 1144 5434 Nicolai,
1171 5375 1256 5420 anno
1280 5353 1438 5419 dominice
1462 5352 1700 5419 incarnationis
1722 5354 1763 5417 rh.
1782 5346 1824 5419 (i.
1841 5353 1970 5418 lXXII.

622 5472 721 5527 Gella:
748 5472 904 5527 Dtrluclt'oa
931 5472 977 5525 dee
997 5470 1208 5540 Stolbcrpischeu
1234 5470 1383 5523 Erbrecblo
1410 5488 1448 5523 111
1466 5469 1639 5537 11111191ίοὶ1,
1664 5468 1778 5537 Beilape
1796 5472 1822 5536 4,
1849 5468 1896 5533 fol.
1911 5472 1937 5535 3,
1973 5468 2054 5521 Aller-

674 5562 891 5631 uutcrtlrdnipste
903 5561 1044 5629 Supplices,
1059 5563 1093 5613 53
1105 5584 1136 5604 =
1150 5559 1431 5628 Geprniafornmtion,
1445 5559 1480 5610 ΙΙ
1483 5560 1506 5625 1,
1521 5558 1601 5611 Urio.
1616 5564 1655 5622 m,
1671 5557 1899 5627 11111191λό11
1930 5560 2055 5615 annm,

673 5652 734 5716 III,
753 5656 823 5717 201,
854 5652 955 5720 Lilnip,
976 5650 1009 5704 R.
1023 5652 1066 5715 A,
1081 5650 1204 5713 XXlll,
1226 5654 1311 5713 111113,
1341 5650 1383 5715 B,
1405 5654 1462 5701 10'0.

627 5740 717 5793 Vera:
737 5739 841 5806 Scriba,
861 5741 885 5806 l,
905 5740 957 5793 No.
978 5743 1038 5805 525,
1061 5740 1101 5806 II,
1122 5740 1175 5793 No.
1188 5742 1249 5805 117,
1270 5740 1365 5803 (iocre,
1386 5735 1898 5805 Mirtelrlammep,111,N0.2772.
