4400 6384
365 291 427 353 118
854 289 923 343 1263
943 288 1102 357 September
1121 290 1155 343 24
1175 320 1207 329 -
1229 291 1298 343 1263
1317 289 1468 345 November
1487 291 1528 345 15.

361 486 643 554 benedictionibus
667 488 815 567 seminat,
841 491 880 553 de
905 488 1187 555 benedictionibus
1211 496 1311 555 metet
1334 488 1437 555 vitam
1461 497 1618 556 eternam.
1659 492 1737 559 tum
1760 490 1864 573 igitur
1880 491 2021 572 populus

363 594 483 660 domini
515 598 557 660 ad
590 596 745 661 honorem
777 594 830 661 dei
862 598 903 660 ad
936 615 995 661 vos
1029 600 1187 663 accedere
1220 598 1335 678 soleat,
1366 617 1407 662 ne
1440 597 1575 664 devocio
1606 598 1749 669 fidelium
1778 598 2020 663 irremunerata

361 708 540 783 remaneat,
565 701 598 767 in
623 701 921 784 sollempnitatibus
943 704 1041 769 beate
1065 703 1171 769 llario
1194 703 1342 787 virginio,
1366 706 1464 770 beate
1483 703 1670 787 Elyzabeth
1693 712 1727 770 et
1749 704 1784 775 in
1807 703 2019 770 dedicacione

362 808 498 874 ecclesie
526 811 639 875 domus
662 809 958 876 Theuthouieormu
985 811 1018 876 in
1045 812 1302 891 Frankenvort,⁸
1334 818 1367 877 et
1397 830 1456 893 per
1480 817 1617 877 octavas
1641 814 1846 881 eorumdem:
1883 831 1954 893 noS,
1978 814 2019 877 de

362 914 593 997 omnipotentis
624 916 676 982 dei
706 915 930 984 misericordia
960 917 1082 999 conlisi,
1108 917 1309 983 auctoritate
1340 917 1523 1000 apostolica
1551 917 1645 983 nobis
1676 937 1843 995 concessa,
1868 917 2020 983 omnibus

360 1041 439 1090 vere
469 1022 692 1105 penitentibus
723 1029 757 1089 et
781 1022 950 1107 confessis
976 1024 1031 1106 qui
1054 1024 1088 1089 in
1112 1024 1270 1106 predictis
1295 1024 1594 1107 sollempnitatibus
1618 1027 1660 1090 ad
1683 1044 1743 1091 vos
1767 1024 2018 1095 declinaverint.

362 1130 424 1195 XL
448 1129 518 1195 dics
542 1133 581 1196 de
604 1130 754 1198 iniuncta
777 1131 841 1197 sibi
864 1132 1047 1215 penitentia
1070 1131 1326 1223 misericorditer
1350 1132 1546 1198 relaxamus
1594 1132 1716 1197 Datum
1741 1140 1823 1213 aput
1846 1132 2020 1199 Franken-

361 1243 445 1318 vort,
470 1256 555 1304 anno
573 1238 694 1304 domini
709 1240 750 1303 m.
768 1233 810 1305 o'c.
828 1219 901 1305 Lil.
920 1220 995 1322 lii,
1021 1260 1095 1306 non.
1117 1238 1208 1306 iunii¹

577 1380 622 1434 Or.
637 1381 725 1452 Ppmt
741 1380 980 1453 Siegeleineebuilt.
1018 1382 1106 1436 Wiem
1144 1381 1590 1437 manciadae-Omermarcmv.

579 1469 673 1524 Vera:
691 1472 819 1541 Pettenep
838 1472 891 1525 No.
911 1476 971 1527 407.

575 1559 677 1615 Gedm:
695 1561 739 1626 B.,
760 1564 812 1615 129
831 1563 901 1616 eceb
919 1562 978 1615 dem
999 1561 1045 1616 Or.
1067 1584 1098 1607 =
1119 1559 1235 1627 Hennes,
1254 1560 1280 1626 Ι,
1300 1562 1360 1615 177.

361 1838 452 1914 248.
477 1848 669 1913 Seludmeiss
691 1847 838 1924 Kourae,
863 1848 913 1911 die
930 1848 1075 1929 Selro'ffen
1098 1848 1165 1911 cerui
1188 1848 1238 1911 dte
1256 1847 1424 1912 Gerreeimle
1448 1850 1480 1911 ia
1497 1846 1681 1928 Fra-adfuit
1705 1848 1917 1927 beerbunden,
1941 1849 2020 1919 dass

478 1955 628 2034 Gertrmd,
652 1956 703 2020 (lie
726 1956 845 2021 Wittme
867 1956 922 2019 des
945 1954 1164 2036 Fresiliam·
1185 1955 1333 2039 Beryae
1357 1955 1487 2033 Herold,
1511 1955 1579 2018 dem
1603 1954 1735 2018 Kloster
1755 1954 1929 2039 Arusberp
1954 1960 2022 2023 eeu»

478 2062 568 2145 Hafe
583 2066 617 2127 ia
640 2062 818 2127 Hoerbeim
842 2062 908 2126 alred
934 2063 994 2127 elas
1010 2061 1166 2126 Erbreebt
1187 2062 1242 2126 des
1259 2061 1411 2126 limena
1428 2062 1558 2141 Herold,
1583 2063 1667 2126 iteres
1684 2063 1812 2138 Solem,
1832 2064 2019 2145 libertrupeu

475 2171 563 2235 bebo.
612 2176 699 2235 1263
722 2170 897 2251 September
919 2174 972 2233 24.

467 2313 639 2378 Ounradus
670 2312 841 2392 scultetus,
873 2310 1000 2377 scabini
1030 2318 1064 2376 et
1093 2308 1294 2377 universitas
1325 2308 1443 2377 civium
1473 2309 1507 2375 in
1538 2311 1782 2377 Frankenvort.
1834 2311 2017 2397 Universis,

360 2422 402 2485 ad
426 2438 506 2500 quos
531 2438 668 2501 presens
692 2418 850 2500 scripturn
869 2417 894 2492 ll
911 2418 1090 2499 devenerit,
1116 2418 1254 2484 salutem
1278 2416 1312 2483 in
1336 2437 1383 2499 eo,
1409 2416 1479 2483 sine
1503 2436 1566 2499 quo
1590 2437 1655 2483 non
1671 2425 1723 2484 est
1739 2418 1837 2484 salus.
1878 2420 2019 2485 Cautum

359 2533 411 2592 est
442 2533 475 2592 et
505 2528 667 2609 ydoneum
690 2524 796 2607 valde,
822 2532 859 2591 ut
883 2524 984 2607 lacta,
1010 2546 1072 2608 que
1095 2524 1248 2593 memorie
1273 2532 1349 2591 sunt
1368 2522 1392 2598 ll
1410 2524 1520 2608 digna,
1545 2524 1667 2590 litteris
1691 2525 1909 2610 attenticis(l)
1933 2546 2019 2591 com-

359 2634 564 2715 mendentur,
582 2639 619 2697 ut
635 2652 695 2715 per
708 2632 835 2714 lapsum
853 2632 1009 2715 temporis
1026 2634 1065 2698 ad
1085 2631 1239 2698 noticiam
1256 2638 1462 2714 posterorum
1478 2652 1538 2715 per
1548 2632 1623 2716 ipsa
1635 2632 1761 2714 scripta
1773 2640 1980 2699 revocentur.
1993 2630 2017 2705 ll

359 2738 520 2807 Noveriut
543 2739 645 2823 igitur
668 2738 814 2805 universi
838 2740 1000 2821 presentis
1025 2739 1181 2822 temporis
1206 2745 1239 2804 et
1262 2736 1376 2820 futuri,
1401 2742 1486 2821 quod
1510 2740 1703 2805 honoranda
1718 2746 1871 2805 matrona
1887 2741 2017 2805 domina

361 2846 553 2926 Gerdrudis
579 2846 696 2912 relicta
726 2849 888 2928 quondam
912 2845 1048 2913 Heroldi
1072 2845 1178 2911 nostri
1201 2845 1355 2927 concivis,
1381 2864 1453 2911 cum
1479 2866 1639 2913 consensu
1664 2853 1698 2912 et
1721 2865 1818 2912 manu
1843 2846 2018 2913 courmuni-

360 2960 437 3019 cata
461 2952 604 3020 Obmadi
626 2959 660 3019 et
676 2952 851 3036 Rudegeri,
876 2952 1015 3019 liliorum
1039 2971 1180 3034 suorum,
1206 2952 1388 3019 constituta
1412 2973 1521 3019 coram
1545 2953 1639 3020 nobis
1663 2956 1703 3019 ob
1728 2954 1882 3019 honorem
1906 2954 1960 3019 dei
1984 2961 2016 3019 et

359 3060 393 3126 in
417 3059 639 3127 remissionem
663 3059 885 3143 peccaminum
910 3080 1041 3127 suorum
1065 3059 1204 3127 contulit
1228 3060 1363 3127 ecclesie
1386 3060 1421 3125 in
1436 3061 1613 3144 Aruspurg
1634 3079 1784 3128 mansum
1804 3080 1902 3126 unum
1920 3060 2014 3127 sitnm

359 3166 392 3233 in
423 3167 503 3236 villa
525 3166 682 3234 Horheim
712 3168 809 3233 titulo
840 3166 1064 3250 proprietatis
1090 3168 1274 3233 huiusmodi
1303 3167 1492 3234 condicione
1522 3167 1698 3250 mediante,
1723 3174 1882 3251 perpetuo
1914 3168 2014 3250 possi-

360 3277 508 3357 dendum,
526 3274 690 3356 videlicet,
708 3279 793 3356 quod
808 3275 882 3357 ipsa
899 3276 939 3342 G.
953 3274 1075 3341 dictum
1091 3293 1240 3341 mansum
1257 3275 1458 3357 temporibus
1473 3274 1542 3342 vite
1559 3294 1617 3341 sue
1634 3274 1832 3341 solummodo
1848 3274 2013 3357 possideat

359 3387 393 3448 et
423 3388 543 3448 extunc
567 3386 610 3449 ad
634 3401 711 3448 usus
736 3382 815 3448 dicti
838 3382 1029 3449 monasterii
1053 3382 1123 3448 sine
1148 3382 1408 3448 contradictione
1433 3382 1574 3448 omnium
1598 3383 1755 3448 heredum
1782 3401 1913 3449 suorum
1938 3382 2014 3448 libe

358 3488 473 3555 raliter
496 3486 730 3555 transferatur.
778 3490 937 3555 Preterea
961 3509 1026 3556 una
1050 3509 1122 3556 cum
1146 3488 1303 3571 predictis
1325 3490 1401 3557 filiis
1425 3489 1493 3556 suis
1516 3489 1711 3573 recognovit
1735 3497 1770 3556 et
1794 3488 2014 3571 sollempniter

359 3596 498 3662 contulit
521 3616 614 3663 omne
636 3596 688 3661 ius
711 3596 906 3662 hereditatis
930 3596 1064 3664 cenobio
1081 3604 1272 3679 memorato,
1298 3601 1384 3679 quod
1400 3595 1500 3663 fratri
1514 3597 1660 3663 Heroldo
1677 3596 1742 3662 filio
1759 3616 1818 3662 suo
1835 3597 2013 3662 debebatur

359 3723 399 3768 ex
423 3702 569 3769 cessione
593 3702 667 3771 avie
692 3722 759 3785 sne,
785 3702 913 3770 domine
929 3703 1143 3785 Hildemndis
1169 3703 1198 3770 si
1220 3703 1255 3769 in
1280 3704 1389 3771 seculo
1414 3704 1659 3788 permansisset.
1708 3705 1826 3770 Testes
1849 3702 1947 3769 huius
1968 3701 2011 3769 rei

359 3817 451 3876 sunt:
483 3809 647 3877 Henricus
677 3810 785 3877 dictus
809 3810 992 3891 Clobeloeh,
1025 3812 1197 3877 Cunradus
1227 3813 1267 3877 de
1285 3812 1473 3892 Wllenstat,
1505 3810 1681 3878 Bertoldus
1711 3813 1752 3876 de
1774 3810 2010 3893 Heldebergen,

359 3918 531 3983 Cunradns
562 3924 595 3983 et
617 3918 791 3984 Volmarus
822 3920 863 3983 de
887 3917 1066 3985 Ovenbach
1095 3915 1229 3999 fratres,
1264 3917 1407 4001 scabini;
1440 3920 1612 3984 cunradus
1641 3918 1900 3998 Medebruwere,
1914 3942 1917 3948 ·
1932 3918 2011 3983 Cun-

358 4025 459 4089 radus
493 4025 642 4106 Hovbet,
679 4026 873 4109 Rudegerus
909 4044 1018 4106 preco,
1055 4031 1089 4091 ct
1126 4023 1183 4090 alii
1217 4044 1314 4105 quam
1344 4025 1455 4108 plnres
1484 4026 1548 4091 fide
1578 4024 1678 4108 digni
1738 4026 1786 4091 Ut
1816 4031 1928 4091 autem
1956 4024 2010 4089 hec

358 4130 492 4196 donatio
525 4136 601 4197 rata
633 4137 667 4196 et
698 4130 893 4198 inconvulsa
925 4138 1134 4212 permaneat,
1167 4150 1304 4213 presens
1336 4131 1494 4214 scriptum
1526 4138 1784 4213 sepememorato
1815 4129 2009 4198 monasterio

358 4234 465 4320 sigillo
490 4243 602 4304 nostre
626 4236 774 4305 civitatis
799 4236 993 4304 contulimus
1016 4239 1218 4304 roboratum.
1258 4239 1378 4304 Actum
1402 4258 1488 4305 anno
1505 4237 1627 4305 domini
1643 4240 1684 4305 rb.
1702 4232 1745 4306 o'c.
1763 4216 2007 4319 Lx1i1.,vii1.

358 4343 424 4409 kal.
448 4343 601 4411 octobris.

579 4469 625 4524 Or.
646 4470 733 4541 Ppmt.
753 4470 803 4524 mit
820 4470 1028 4540 unlednpmdem
1046 4467 1209 4539 Studleiepel
1227 4471 1278 4533 (2).
1315 4470 1393 4524 Ia'elt

573 4557 673 4613 Galle:
697 4559 814 4628 3.,130
837 4560 908 4614 noct
930 4558 989 4613 dem
1010 4558 1056 4612 Or.
1077 4557 1350 4627 :Saoter,1,437.
1388 4559 1505 4629 Repeti:
1540 4558 1638 4615 Arnab.
1662 4558 1754 4626 Urlcb,
1773 4564 1834 4615 210.
1882 4560 2007 4629 Among:

626 4649 750 4715 Tharros,
773 4648 898 4715 Oberbof,
918 4650 978 4700 437.
1014 4646 1017 4653 ’

577 4738 670 4792 Vera:
688 4737 794 4807 Scriba,
813 4738 854 4791 II
869 4739 921 4792 No.
937 4742 990 4791 534
1007 4754 1033 4790 u.
1055 4737 1108 4791 No.
1122 4740 1201 4790 3281.

358 5013 450 5092 249.
475 5024 622 5106 Koa-rod,
658 5026 713 5091 der
736 5026 823 5091 Solem
856 5027 911 5091 (les
935 5025 1037 5091 Jacob
1061 5026 1222 5099 Sebmare,
1259 5025 1325 5089 rom
1357 5030 1441 5090 seiae
1464 5025 1560 5091 Fran
1582 5026 1733 5110 Benigno
1765 5027 1917 5091 sedentem
1943 5024 2004 5088 dein

472 5132 604 5198 Klosier
627 5134 682 5198 eie-r
705 5134 906 5199 Reuertareem
929 5138 963 5197 in
986 5133 1172 5216 Fronl’fmt
1204 5158 1263 5201 eoa
1286 5134 1375 5198 ibren
1401 5135 1523 5198 Giitera
1545 5138 1581 5198 im
1603 5134 1813 5199 Boclseabeim
1835 5138 1880 5197 20
1902 5130 2004 5196 Ariete!

466 5241 589 5307 Weizea
614 5242 757 5323 jdbrle'eb
794 5243 858 5307 iered
893 5242 1044 5307 uerleibem
1079 5244 1253 5309 vlenrselben
1287 5264 1392 5326 arpen
1425 5242 1511 5306 timer·
1546 5246 1579 5305 ia
1610 5242 1680 5306 dem
1702 5241 1835 5305 Kloster
1866 5240 2001 5305 debelaim

474 5350 581 5414 beaten
598 5349 730 5414 Tdebter
745 5353 795 5413 eia
810 5349 994 5415 Kimistbee'l
1010 5372 1054 5415 aa
1069 5352 1167 5415 ibrem
1184 5352 1392 5434 deremstipen
1416 5349 1603 5414 Nerblusse.
1651 5353 1739 5413 1263
1762 5348 1934 5413 November
1954 5349 2000 5409 15.

463 5492 531 5557 Nos
556 5494 726 5559 Comadus
756 5490 842 5558 filius
865 5491 984 5559 Jacobi
1008 5492 1103 5576 Nigri
1126 5500 1159 5559 et
1182 5492 1332 5576 Benigne
1354 5512 1438 5558 uxor
1461 5510 1531 5573 sua,
1557 5490 1646 5557 cives
1669 5488 1998 5555 Frankeniurdenses.

358 5597 515 5664 Omnibus
540 5596 651 5686 [has]b
675 5599 794 5665 litteras
826 5598 1081 5683 percipientibus
1113 5599 1259 5682 cupimus
1291 5618 1363 5664 esse
1393 5604 1515 5679 notum,
1541 5600 1626 5679 quod
1650 5600 1690 5663 de
1713 5597 1809 5663 bonis
1832 5591 1998 5663 nostrisin

624 5780 647 5823 a)
661 5774 710 5817 Dt'e
724 5774 804 5817 Worte
819 5774 1133 5827 ‚domur-manserem·
1148 5775 1230 5819 alehem
1244 5773 1304 5818 ster
1317 5774 1408 5817 Rasum
1437 5774 1462 5827 b)
1477 5772 1554 5816 Feblt
1566 5773 1593 5814 iu
1608 5772 1652 5816 der·
1665 5772 1711 5815 Ha.

2192 395 2194 474 l
