4400 6384
399 303 463 366 110
975 302 1043 355 laco
1063 300 1140 368 spru
1159 304 1176 354 o
1198 333 1229 339 -
1251 302 1320 355 mco
1339 301 1416 369 spru
1436 302 1477 355 27.

395 503 435 565 de
460 498 713 581 omnipontentis
737 498 790 564 dei
811 497 1036 565 misericordia
1060 506 1093 566 et
1116 502 1286 566 beatorum
1302 500 1394 565 Petri
1416 506 1450 565 et
1466 498 1559 565 Pauli
1582 499 1806 581 apostolorum
1825 498 1896 565 eius
1912 500 2059 567 auctori-

397 611 467 672 tate
492 605 615 687 confisi,
641 605 789 671 omnibus
813 626 890 672 vere
915 606 1138 688 penitentibus
1162 613 1197 673 et
1221 605 1391 689 confessis,
1416 607 1472 689 qui
1495 609 1538 673 ad
1557 606 1729 673 ecclesiam
1744 606 1851 688 ipsam
1866 606 1901 671 in
1917 606 2058 689 singulis

397 711 637 780 festivitatibus
668 713 810 796 gloriose
833 713 938 779 Marie
970 713 1109 797 virginis
1133 721 1167 779 et
1190 716 1362 781 beatorum
1385 714 1564 799 Augustini
1586 721 1621 780 et
1644 714 1806 780 Dominici
1828 712 2057 781 confessorum

395 839 435 886 ac
457 819 548 886 Petri
570 819 717 886 martiris
741 820 885 886 eiusdem
908 819 1032 886 ordinis
1056 819 1256 902 professoris
1280 829 1314 887 et
1336 821 1371 887 in
1394 820 1622 888 anniversario
1647 820 1699 887 die
1715 820 1935 886 dedicationis
1951 821 2057 904 ipsius

395 926 532 993 ecclesie
556 934 589 993 et
613 932 739 1009 septem
762 926 877 993 diebus
900 926 1086 993 immediate
1106 926 1320 1008 sequentibus
1336 948 1438 994 causa
1453 927 1638 996 devotionis
1654 927 1857 994 accesserint
1872 928 2055 1008 annuatim,

395 1042 525 1100 centum
556 1034 625 1099 dies
655 1036 695 1100 de
725 1031 874 1100 iniuncta
904 1034 967 1100 sibi
997 1033 1182 1116 penitentia
1211 1034 1468 1101 misericorditer
1497 1035 1694 1101 relaxamus.
1744 1035 1867 1099 Datum
1891 1034 2055 1118 Anagnia,

395 1140 458 1207 ΠΙ.
480 1140 547 1207 kal.
569 1139 659 1223 iunii,
685 1140 897 1222 pontificatus
921 1140 1028 1207 nostri
1051 1161 1138 1208 anno
1161 1140 1285 1223 quinto.

610 1274 656 1329 Or.
671 1274 758 1343 Pymt.
779 1276 828 1329 mit
852 1275 933 1329 Bulla
957 1292 995 1328 arr
1019 1275 1187 1345 roth-gelbes
1212 1274 1403 1341 Scidcrrfddcrr.
1440 1275 1505 1341 Aes
1526 1276 1585 1329 dero
1610 1275 1705 1343 Rape:
1724 1275 1750 1329 A
1763 1280 1798 1342 6.,
1824 1273 1882 1339 aas
1897 1275 1948 1327 der
1966 1275 2056 1329 aaa·

661 1364 741 1417 acite:
762 1362 827 1430 „Tb
847 1362 1184 1431 episcopusVironensis.“

608 1451 647 1508 St.
662 1453 693 1507 A.
709 1453 761 1507 Fr.
781 1454 1072 1508 Dominarum-Ura.
1087 1454 1141 1509 No.
1156 1457 1198 1507 12.

610 1542 692 1597 θεάν.
711 1544 782 1597 narb
800 1544 859 1597 dem
880 1543 943 1598 Or.:
961 1543 1005 1611 Β.,
1026 1546 1085 1596 122.

612 1631 706 1685 Vera:
725 1632 853 1687 Pottbaat
872 1632 925 1686 No.
940 1635 1036 1687 17586.

393 1826 485 1903 227.
510 1838 647 1918 libram,
680 1839 843 1903 ermdbltcr
866 1838 1063 1919 Erebischos
1083 1860 1143 1903 rora
1165 1838 1290 1917 Marma,
1317 1840 1488 1919 rersprr'cht
1509 1840 1579 1902 dem
1602 1836 1820 1918 Frontfartcr
1843 1837 2057 1919 Stiftslropitel

509 1948 543 2009 ira
558 1944 670 2029 Beraq
695 1946 758 2027 (καί
779 1950 907 2029 rtruuipc
923 1945 1150 2029 Missdcutarrp
1173 1946 1229 2009 der
1253 1966 1311 2008 rorr
1333 1945 1507 2009 (laomellum
1529 1945 1593 2008 ilrrrr
1617 1966 1679 2007 ures
1701 1944 1907 2027 frciar'lliperr
1922 1946 2056 2009 Sidetas

509 2053 712 2135 cerroillr'ptca
742 2052 829 2117 Beda
858 2054 997 2136 pleioteta
1023 2052 1249 2117 Reclrtsscbutr
1281 2056 1337 2116 uv'c
1366 2051 1427 2115 dea
1448 2052 1599 2116 Moinrer
1622 2050 1773 2115 Kirrhcn.
1820 2050 2054 2130 Esrberslrbu,

510 2164 598 2223 1260
622 2160 718 2241 April
742 2165 771 2223 9.

499 2302 550 2365 W.
574 2299 627 2366 dei
657 2298 769 2384 gracia
802 2307 917 2366 sancte
946 2301 1138 2385 Maguntbre
1168 2300 1255 2367 sedis
1286 2300 1420 2382 electus
1446 2300 1576 2367 dilectis
1598 2300 1633 2367 in
1656 2300 1788 2366 Christo
1813 2341 1845 2352 ··
1871 2303 1997 2367 decano
2022 2308 2054 2366 et

393 2407 538 2489 capitulo
570 2406 706 2473 ecclesie
730 2405 1062 2490 Frankeniordensis,
1084 2405 1108 2480 ll
1126 2408 1265 2475 salutem
1295 2408 1329 2474 in
1360 2408 1499 2474 domino.
1547 2410 1627 2473 Cum
1657 2427 1717 2473 vos
1748 2406 1835 2472 sicut
1857 2413 1892 2471 et
1916 2407 2053 2473 ecclesie

394 2514 541 2581 civitatis
553 2515 745 2599 Maguntr'rre
761 2517 803 2579 ad
818 2515 1001 2581 relavanda
1017 2514 1130 2581 debita
1146 2515 1283 2581 ecclesie
1300 2522 1411 2582 nostre
1427 2514 1522 2580 nobis
1537 2512 1561 2587 ll
1575 2512 1758 2596 precariam
1774 2531 1873 2579 unam
1889 2514 2052 2580 duxeritis

393 2621 575 2687 liberaliter
610 2619 851 2703 conferendam,
884 2641 944 2688 nos
979 2622 1129 2689 volentes
1165 2640 1283 2689 cavere
1318 2620 1413 2689 vobis
1445 2629 1479 2687 et
1512 2620 1648 2687 ecclesie
1681 2627 1793 2687 vestre
1826 2623 1868 2687 ab
1903 2622 2053 2687 omnibus

394 2726 544 2810 dampnis
559 2726 583 2801 ll
598 2736 631 2793 et
655 2726 817 2809 periculis,
843 2748 905 2809 que
925 2736 1060 2811 propter
1075 2729 1182 2811 ipsam
1198 2729 1382 2811 precariam
1398 2728 1540 2811 possetis
1556 2726 1643 2795 forte
1659 2727 1828 2794 incurrere
1844 2728 1878 2792 in
1894 2725 2051 2807 futurum,

393 2834 488 2901 vobis
512 2832 731 2916 promittimus
755 2854 813 2916 per
838 2842 1010 2916 presentes
1034 2855 1161 2902 omnem
1185 2835 1330 2920 graciam
1353 2843 1387 2901 et
1406 2836 1570 2902 cautelam
1585 2835 1675 2901 illam
1690 2834 1926 2902 inviolabiliter
1942 2836 2053 2901 obser-

393 2960 484 3023 vare,
519 2960 615 3022 quam
648 2940 720 3007 aliis
754 2941 902 3007 ecclesiis
936 2941 1083 3009 civitatis
1115 2944 1306 3026 Maguntbre
1338 2942 1549 3009 observaturi
1579 2961 1707 3023 sumus,
1739 2941 1834 3007 iuxta
1865 2941 2051 3007 litterarum

394 3054 581 3114 nostrarum
604 3046 741 3114 formam
765 3048 886 3115 eisdem
910 3049 1068 3116 traditam
1092 3070 1191 3133 super
1214 3070 1262 3116 eo.
1303 3051 1471 3134 Rogamus
1494 3048 1597 3133 igitur
1620 3056 1653 3114 et
1669 3051 1870 3129 mandamus
1896 3048 2050 3129 quatinus

394 3154 564 3237 pecuniam
588 3158 628 3221 de
653 3154 743 3221 dicta
762 3155 914 3238 precaria
932 3156 1028 3223 nobis
1044 3157 1189 3223 debitam
1205 3156 1371 3223 Cristiano
1388 3164 1422 3223 et
1437 3158 1460 3223 J
1462 3156 1592 3237 ohanni,
1617 3155 1740 3222 nostris
1757 3154 1905 3237 notariis
1931 3156 2048 3221 vestris

393 3262 632 3346 concanonicis
651 3262 837 3346 assignetis.
857 3263 979 3330 Datum
996 3267 1083 3346 apud
1099 3264 1397 3347 Eiscbersbeim,V.
1411 3264 1485 3330 idus
1501 3263 1625 3346 aprilis,
1643 3281 1729 3329 anno
1746 3262 1867 3329 domini
1881 3264 1923 3327 rb.
1938 3258 1980 3329 c'e.
1993 3263 2045 3327 lX.

610 3395 655 3451 Or.
671 3396 759 3464 Pprot.
778 3397 827 3449 mit
846 3396 1048 3467 adiungendam
1066 3405 1116 3468 put
1134 3399 1290 3453 erboltcncrr
1309 3398 1399 3466 Siepcl
1417 3398 1463 3453 dor
1483 3395 1591 3450 maten
1608 3396 1731 3450 Wcracr.

608 3484 647 3539 St.
662 3486 698 3539 A.
713 3485 773 3567 Fr.
784 3486 883 3539 Barth.
897 3485 936 3541 m.
951 3486 1005 3540 No.
1019 3490 1097 3540 3375.

608 3574 707 3630 uera:
726 3575 769 3642 Β.,
790 3577 843 3629 122
861 3576 931 3629 aaa
950 3576 1009 3629 aaa
1030 3575 1076 3631 or.

610 3662 703 3717 Vera:
724 3663 798 3729 Witl,
818 3664 924 3717 Moira.
944 3664 1019 3733 Κεφ,
1039 3665 1132 3719 XXX
1138 3664 1194 3731 VL,
1214 3665 1266 3718 No.
1282 3668 1324 3717 14.
1362 3664 1491 3735 Asterop.-
1512 3664 1636 3732 lberam,
1657 3663 1707 3716 Fr.
1722 3663 1833 3731 Arellio,
1852 3663 1897 3731 H,
1917 3668 1977 3718 130.
2068 3679 2074 3691 ¹

765 3752 810 3806 Im
823 3752 971 3807 Arsacidum
984 3770 1020 3807 arr
1034 3754 1107 3808 dicre
1120 3754 1229 3822 Ζωαρι
1240 3754 1302 3808 licea
1314 3753 1371 3807 siclt
1383 3753 1434 3808 dar
1448 3752 1638 3817 Frantfartcr
1653 3750 1840 3821 Str'ftakapr'tcl
1853 3770 1899 3806 aar
1913 3757 1955 3806 17.
1967 3753 2044 3822 Apnr

660 3841 728 3911 (XV.
740 3840 794 3895 lral.
805 3842 880 3911 maii)
893 3843 979 3896 durch
991 3842 1036 3895 dic
1047 3842 1203 3910 postlimen
1212 3842 1325 3896 Richter
1336 3859 1371 3896 aa
1381 3842 1480 3897 Maior
1492 3844 1535 3895 ein
1546 3842 1727 3911 Tranaaampt
1737 3841 1849 3906 (Barth.
1857 3840 1897 3895 st.
1905 3843 1959 3896 No.
1967 3845 2042 3907 3459)

659 3932 705 3985 des
734 3949 779 3986 am
812 3935 853 3985 12.
876 3931 961 4001 April
988 3934 1059 3986 1260
1090 3932 1143 3985 den
1170 3931 1298 3985 Mainacr
1326 3932 1447 3985 Kircben
1473 3931 1663 4002 supebiuiptcrr
1690 3931 1826 4001 Primlepa
1854 3931 1901 3985 dcc
1928 3932 2043 3998 Electra,

660 4022 725 4075 datr.
749 4021 794 4075 dic
819 4021 1024 4090 Einbebaltunp
1049 4020 1098 4074 der
1122 4020 1245 4091 Ertrdpc
1270 4021 1318 4075 der
1341 4026 1431 4076 ruerat
1456 4019 1671 4084 srciwerdcndm
1694 4020 1846 4087 Prdbmde,
1867 4020 1961 4085 (Vere.
1976 4019 2043 4083 Witt

659 4110 675 4163 l.
684 4110 764 4163 cNa
775 4113 818 4178 15,
824 4110 897 4178 μάν.
906 4109 1084 4177 Wdrdtwcirr,
1095 4110 1164 4164 Nor.
1173 4109 1260 4175 Saba,
1268 4110 1288 4162 Ι
1294 4110 1322 4177 V,
1330 4110 1411 4177 Prds.
1423 4109 1543 4175 XXVI)
1555 4110 1707 4165 maecum
1726 4109 1796 4164 Dcm
1805 4108 1894 4163 Tertor
1903 4109 1953 4164 der
1961 4116 2044 4163 aare

659 4199 791 4253 sumirtea
817 4198 946 4253 Urbandc
970 4199 1006 4253 ist
1029 4199 1170 4269 solycadcr
1195 4197 1262 4253 Sata
1285 4198 1480 4269 bimycfrtyt:
1507 4196 1645 4265 „Petimus
1669 4199 1765 4267 igitur,
1791 4202 1824 4252 ut
1848 4198 1946 4251 similis
1972 4205 2044 4251 tenor

659 4285 770 4340 ecclesie
789 4286 1047 4355 Frankenlordensi,
1073 4288 1146 4342 sicut
1171 4287 1234 4342 aliis
1253 4288 1434 4357 lloguntim'a,
1460 4286 1604 4354 prelati..
1624 4286 1726 4340 domini
1749 4287 1840 4343 nostri
1864 4287 1946 4341 electi
1963 4286 2044 4341 muni·

660 4376 731 4429 mine
750 4376 917 4430 roboretur.“
1551 4378 1571 4399 ⁰

393 4572 485 4650 228.
510 4581 835 4666 Kardiaolpresbytcr
858 4583 955 4668 Hapo
980 4585 1180 4662 beurbarulrt
1204 4584 1282 4648 dass
1305 4585 1356 4648 dic
1378 4584 1438 4647 dea
1461 4582 1713 4648 Dorue'rrr'lrc-rrcrm
1736 4588 1771 4648 ira
1785 4583 1972 4666 Frunlfart
1992 4584 2046 4666 fiir

507 4691 574 4755 abre
598 4688 718 4754 Kircbe
747 4691 905 4755 emhciltcra
928 4690 1145 4775 Imtrrlpcarcrr
1174 4713 1234 4754 roo
1262 4691 1319 4755 (lor
1341 4690 1530 4755 maratana
1553 4691 1658 4755 Koria
1687 4714 1776 4756 error
1798 4693 1883 4757 nicht
1907 4692 2046 4775 decorat

508 4797 632 4861 ramalem
660 4798 790 4877 iudanom,
815 4797 893 4861 (loss
916 4798 1031 4879 jedocb
1053 4799 1149 4862 dorca
1173 4799 1346 4881 Ge'dttplett
1367 4798 1448 4862 rocla
1472 4798 1744 4862 uusrlrr'ictlicbcm
1766 4798 1975 4879 Arrsspruclrc
1995 4799 2045 4862 des

511 4903 645 4985 Pcpstca
668 4906 753 4968 utrm
775 4927 816 4967 ra
840 4906 1019 4987 horrorifera
1042 4910 1096 4969 soi.
1145 4905 1287 4989 Armpnr',
1312 4910 1399 4969 1260
1423 4906 1520 4986 April
1541 4910 1595 4969 27.

500 5045 621 5111 Frater
637 5047 733 5129 Hugo
756 5046 970 5114 miseracione
995 5046 1107 5114 divina
1131 5046 1219 5113 tituli
1238 5053 1353 5112 sancte
1371 5046 1492 5113 Sabine
1508 5048 1682 5130 presbyter
1698 5047 1885 5114 cardinalis.
1912 5046 2043 5113 Dilectis

392 5153 427 5219 in
457 5152 587 5219 Christo
618 5151 778 5219 iratribus
805 5194 810 5207 ·
838 5154 961 5219 ordinis
991 5154 1240 5221 Predicatorum
1268 5153 1303 5219 in
1333 5154 1639 5235 Franllkenvorde‚
1675 5153 1869 5237 Moguntine
1899 5152 2040 5230 diocesis

393 5261 532 5327 salutem
555 5260 589 5327 in
613 5260 666 5327 dei
688 5260 753 5327 filio
777 5262 859 5327 Jesu
884 5260 1024 5327 Christo.
1072 5260 1255 5344 Religionis
1278 5258 1411 5342 lavor⁸‚
1433 5262 1493 5325 sub
1519 5280 1584 5341 qua
1606 5259 1767 5326 virtutum
1790 5260 1920 5327 domino
1940 5264 2041 5326 deser-

392 5368 479 5451 vitis,
500 5375 534 5435 et
550 5368 727 5435 communis
743 5366 986 5451 proiliessionis
1003 5367 1177 5449 vinculum,
1199 5386 1262 5449 quo
1278 5366 1446 5436 vobiscum
1461 5366 1600 5449 unimur,
1618 5387 1677 5433 nos
1694 5365 1864 5435 ferventer
1878 5366 2038 5443 inducunt

392 5482 429 5539 ut
451 5474 509 5541 illa
532 5495 592 5542 vos
616 5495 851 5558 prosequamur
875 5474 996 5559 gracia,
1022 5495 1083 5557 que
1107 5474 1202 5541 vobis
1226 5478 1321 5540 deum
1340 5474 1364 5546 ΙΙ
1381 5473 1572 5540 timentibus
1587 5473 1736 5541 noscitur
1750 5479 1923 5557 oportuna.
1962 5475 2038 5540 Sane

393 5582 583 5647 discretioni
613 5589 723 5649 vestre
756 5582 902 5665 cupimus
933 5602 1005 5647 esse
1037 5588 1159 5662 notum,
1186 5584 1270 5662 quod
1301 5580 1501 5648 venerabilis
1532 5587 1628 5663 pater
1658 5579 1832 5663 episcopus
1848 5580 2034 5655 Vironeastr,

659 5778 684 5827 ι)
702 5764 766 5817 itaer
780 5774 823 5817 cer
838 5774 911 5818 aare.
