<?xml version="1.0" encoding="UTF-8"?>
<!DOCTYPE html PUBLIC "-//W3C//DTD XHTML 1.0 Transitional//EN"
    "http://www.w3.org/TR/xhtml1/DTD/xhtml1-transitional.dtd">
<html xmlns="http://www.w3.org/1999/xhtml" xml:lang="en" lang="en">
 <head>
  <title>
</title>
<meta http-equiv="Content-Type" content="text/html;charset=utf-8" />
  <meta name='ocr-system' content='tesseract 3.04.00' />
  <meta name='ocr-capabilities' content='ocr_page ocr_carea ocr_par ocr_line ocrx_word'/>
</head>
<body>
  <div class='ocr_page' id='page_1' title='image "./codexdiplomatic00nathgoog_0500.png"; bbox 0 0 4400 6384; ppageno 0'>
   <div class='ocr_carea' id='block_1_1' title="bbox 397 334 1348 408">
    <p class='ocr_par' dir='ltr' id='par_1_1' title="bbox 397 334 1348 408">
     <span class='ocr_line' id='line_1_1' title="bbox 397 334 1348 408; baseline -0.022 0"><span class='ocrx_word' id='word_1_1' title='bbox 397 343 461 408; x_wconf 87' lang='lat'>484</span> <span class='ocrx_word' id='word_1_2' title='bbox 1099 335 1169 390; x_wconf 85' lang='lat' dir='ltr'>raro</span> <span class='ocrx_word' id='word_1_3' title='bbox 1187 334 1304 390; x_wconf 70' lang='lat' dir='ltr'>octona</span> <span class='ocrx_word' id='word_1_4' title='bbox 1323 336 1348 390; x_wconf 91' lang='lat'>1.</span> 
     </span>
    </p>
   </div>
   <div class='ocr_carea' id='block_1_2' title="bbox 395 532 2051 4465">
    <p class='ocr_par' dir='ltr' id='par_1_2' title="bbox 395 532 2051 4465">
     <span class='ocr_line' id='line_1_2' title="bbox 395 532 2051 622; baseline -0.002 -17"><span class='ocrx_word' id='word_1_5' title='bbox 395 535 597 622; x_wconf 86' lang='lat' dir='ltr'>Irmegardis</span> <span class='ocrx_word' id='word_1_6' title='bbox 628 534 777 619; x_wconf 90' lang='lat' dir='ltr'>predicta</span> <span class='ocrx_word' id='word_1_7' title='bbox 807 553 1017 618; x_wconf 84' lang='lat' dir='ltr'>recognosco,</span> <span class='ocrx_word' id='word_1_8' title='bbox 1042 552 1092 599; x_wconf 92' lang='lat' dir='ltr'>me</span> <span class='ocrx_word' id='word_1_9' title='bbox 1123 533 1253 616; x_wconf 79' lang='lat' dir='ltr'>legasse</span> <span class='ocrx_word' id='word_1_10' title='bbox 1277 540 1310 600; x_wconf 91' lang='lat' dir='ltr'>et</span> <span class='ocrx_word' id='word_1_11' title='bbox 1335 532 1525 617; x_wconf 80' lang='lat' dir='ltr'>assignasse</span> <span class='ocrx_word' id='word_1_12' title='bbox 1549 539 1625 616; x_wconf 93' lang='lat' dir='ltr'>post</span> <span class='ocrx_word' id='word_1_13' title='bbox 1648 552 1754 601; x_wconf 90' lang='lat' dir='ltr'>meum</span> <span class='ocrx_word' id='word_1_14' title='bbox 1778 534 1904 602; x_wconf 93' lang='lat' dir='ltr'>obitum</span> <span class='ocrx_word' id='word_1_15' title='bbox 1927 533 1964 602; x_wconf 93' lang='lat' dir='ltr'>in</span> <span class='ocrx_word' id='word_1_16' title='bbox 1987 557 2051 602; x_wconf 90' lang='lat' dir='ltr'>uno</span> 
     </span>
     <span class='ocr_line' id='line_1_3' title="bbox 396 637 2051 728; baseline -0.001 -15"><span class='ocrx_word' id='word_1_17' title='bbox 396 645 509 728; x_wconf 90' lang='lat' dir='ltr'>officio,</span> <span class='ocrx_word' id='word_1_18' title='bbox 534 645 620 725; x_wconf 88' lang='lat' dir='ltr'>quod</span> <span class='ocrx_word' id='word_1_19' title='bbox 649 641 772 708; x_wconf 86' lang='lat' dir='ltr'>dicitur</span> <span class='ocrx_word' id='word_1_20' title='bbox 795 639 1053 724; x_wconf 86' lang='lat' dir='ltr'>schroytammit,</span> <span class='ocrx_word' id='word_1_21' title='bbox 1079 642 1165 721; x_wconf 86' lang='lat' dir='ltr'>quod</span> <span class='ocrx_word' id='word_1_22' title='bbox 1189 640 1369 722; x_wconf 88' lang='lat' dir='ltr'>Johannes,</span> <span class='ocrx_word' id='word_1_23' title='bbox 1401 637 1543 706; x_wconf 77' lang='lat' dir='ltr'>famulus</span> <span class='ocrx_word' id='word_1_24' title='bbox 1573 639 1648 707; x_wconf 91' lang='lat' dir='ltr'>olim</span> <span class='ocrx_word' id='word_1_25' title='bbox 1664 641 1793 707; x_wconf 87' lang='lat' dir='ltr'>Wilreri</span> <span class='ocrx_word' id='word_1_26' title='bbox 1815 645 1857 708; x_wconf 91' lang='lat' dir='ltr'>de</span> <span class='ocrx_word' id='word_1_27' title='bbox 1879 643 2008 726; x_wconf 84' lang='lat' dir='ltr'>Ariete,</span> <span class='ocrx_word' id='word_1_28' title='bbox 2033 665 2051 711; x_wconf 89' lang='lat' dir='ltr'>a</span> 
     </span>
     <span class='ocr_line' id='line_1_4' title="bbox 395 745 2050 836; baseline -0.002 -16"><span class='ocrx_word' id='word_1_29' title='bbox 395 772 446 820; x_wconf 94' lang='lat' dir='ltr'>me</span> <span class='ocrx_word' id='word_1_30' title='bbox 470 750 625 835; x_wconf 83' lang='lat' dir='ltr'>possidet,</span> <span class='ocrx_word' id='word_1_31' title='bbox 643 748 844 828; x_wconf 86' lang='lat' dir='ltr'>Meclrtbildi,</span> <span class='ocrx_word' id='word_1_32' title='bbox 870 753 1010 832; x_wconf 79' lang='lat' dir='ltr'>cognate</span> <span class='ocrx_word' id='word_1_33' title='bbox 1034 765 1114 828; x_wconf 89' lang='lat' dir='ltr'>mee,</span> <span class='ocrx_word' id='word_1_34' title='bbox 1139 765 1237 812; x_wconf 90' lang='lat' dir='ltr'>unam</span> <span class='ocrx_word' id='word_1_35' title='bbox 1261 766 1406 813; x_wconf 91' lang='lat' dir='ltr'>marcam</span> <span class='ocrx_word' id='word_1_36' title='bbox 1430 745 1639 813; x_wconf 88' lang='lat' dir='ltr'>denariorum</span> <span class='ocrx_word' id='word_1_37' title='bbox 1655 747 1897 816; x_wconf 73' lang='lat' dir='ltr'>coloniensium</span> <span class='ocrx_word' id='word_1_38' title='bbox 1912 751 2050 836; x_wconf 86' lang='lat' dir='ltr'>singulis</span> 
     </span>
     <span class='ocr_line' id='line_1_5' title="bbox 396 852 2049 940; baseline -0.002 -14"><span class='ocrx_word' id='word_1_39' title='bbox 396 859 502 940; x_wconf 91' lang='lat' dir='ltr'>anuis,</span> <span class='ocrx_word' id='word_1_40' title='bbox 527 859 634 938; x_wconf 87' lang='lat' dir='ltr'>quoad</span> <span class='ocrx_word' id='word_1_41' title='bbox 657 855 790 938; x_wconf 81' lang='lat' dir='ltr'>vixerit,</span> <span class='ocrx_word' id='word_1_42' title='bbox 814 854 848 920; x_wconf 93' lang='lat' dir='ltr'>in</span> <span class='ocrx_word' id='word_1_43' title='bbox 871 852 957 921; x_wconf 84' lang='lat' dir='ltr'>festo</span> <span class='ocrx_word' id='word_1_44' title='bbox 982 852 1072 920; x_wconf 90' lang='lat' dir='ltr'>beati</span> <span class='ocrx_word' id='word_1_45' title='bbox 1088 852 1225 919; x_wconf 86' lang='lat' dir='ltr'>Martini</span> <span class='ocrx_word' id='word_1_46' title='bbox 1240 852 1418 920; x_wconf 90' lang='lat' dir='ltr'>tollendam</span> <span class='ocrx_word' id='word_1_47' title='bbox 1434 860 1466 920; x_wconf 89' lang='lat' dir='ltr'>et</span> <span class='ocrx_word' id='word_1_48' title='bbox 1483 853 1736 936; x_wconf 81' lang='lat' dir='ltr'>percipiendam.</span> <span class='ocrx_word' id='word_1_49' title='bbox 1776 857 1957 938; x_wconf 88' lang='lat' dir='ltr'>Postquam</span> <span class='ocrx_word' id='word_1_50' title='bbox 1973 878 2049 926; x_wconf 87' lang='lat' dir='ltr'>vero</span> 
     </span>
     <span class='ocr_line' id='line_1_6' title="bbox 396 959 2049 1050; baseline -0.002 -17"><span class='ocrx_word' id='word_1_51' title='bbox 396 968 437 1033; x_wconf 92' lang='lat' dir='ltr'>ab</span> <span class='ocrx_word' id='word_1_52' title='bbox 461 967 524 1032; x_wconf 93' lang='lat' dir='ltr'>hac</span> <span class='ocrx_word' id='word_1_53' title='bbox 547 965 619 1031; x_wconf 89' lang='lat' dir='ltr'>luce</span> <span class='ocrx_word' id='word_1_54' title='bbox 643 961 845 1047; x_wconf 85' lang='lat' dir='ltr'>migraverit,</span> <span class='ocrx_word' id='word_1_55' title='bbox 871 961 961 1027; x_wconf 88' lang='lat' dir='ltr'>dicta</span> <span class='ocrx_word' id='word_1_56' title='bbox 983 980 1097 1028; x_wconf 89' lang='lat' dir='ltr'>marca</span> <span class='ocrx_word' id='word_1_57' title='bbox 1120 960 1330 1026; x_wconf 89' lang='lat' dir='ltr'>denariorum</span> <span class='ocrx_word' id='word_1_58' title='bbox 1346 959 1588 1026; x_wconf 82' lang='lat' dir='ltr'>Coloniensiam</span> <span class='ocrx_word' id='word_1_59' title='bbox 1611 981 1684 1026; x_wconf 92' lang='lat' dir='ltr'>cum</span> <span class='ocrx_word' id='word_1_60' title='bbox 1708 982 1767 1030; x_wconf 90' lang='lat' dir='ltr'>suo</span> <span class='ocrx_word' id='word_1_61' title='bbox 1791 962 1874 1050; x_wconf 89' lang='lat' dir='ltr'>[iure</span> <span class='ocrx_word' id='word_1_62' title='bbox 1898 973 1933 1030; x_wconf 92' lang='lat' dir='ltr'>et</span> <span class='ocrx_word' id='word_1_63' title='bbox 1953 985 2049 1031; x_wconf 86' lang='lat' dir='ltr'>onere</span> 
     </span>
     <span class='ocr_line' id='line_1_7' title="bbox 396 1066 2048 1160; baseline -0.001 -20"><span class='ocrx_word' id='word_1_64' title='bbox 396 1071 451 1160; x_wconf 77' lang='lat' dir='ltr'>adl</span> <span class='ocrx_word' id='word_1_65' title='bbox 475 1069 625 1155; x_wconf 84' lang='lat' dir='ltr'>prelatos</span> <span class='ocrx_word' id='word_1_66' title='bbox 643 1123 649 1135; x_wconf 91' lang='lat'>.</span> <span class='ocrx_word' id='word_1_67' title='bbox 670 1122 676 1136; x_wconf 94' lang='lat'>.</span> <span class='ocrx_word' id='word_1_68' title='bbox 695 1069 835 1152; x_wconf 89' lang='lat' dir='ltr'>priorem</span> <span class='ocrx_word' id='word_1_69' title='bbox 863 1075 897 1134; x_wconf 92' lang='lat' dir='ltr'>et</span> <span class='ocrx_word' id='word_1_70' title='bbox 921 1075 1117 1135; x_wconf 90' lang='lat' dir='ltr'>conventum</span> <span class='ocrx_word' id='word_1_71' title='bbox 1133 1066 1381 1133; x_wconf 89' lang='lat' dir='ltr'>Predicatorum</span> <span class='ocrx_word' id='word_1_72' title='bbox 1405 1067 1608 1134; x_wconf 85' lang='lat' dir='ltr'>devolvetur.</span> <span class='ocrx_word' id='word_1_73' title='bbox 1655 1070 1741 1134; x_wconf 92' lang='lat' dir='ltr'>Item</span> <span class='ocrx_word' id='word_1_74' title='bbox 1764 1090 1978 1155; x_wconf 79' lang='lat' dir='ltr'>recognosco,</span> <span class='ocrx_word' id='word_1_75' title='bbox 2004 1093 2048 1137; x_wconf 87' lang='lat' dir='ltr'>me</span> 
     </span>
     <span class='ocr_line' id='line_1_8' title="bbox 395 1171 2047 1264; baseline -0.002 -17"><span class='ocrx_word' id='word_1_76' title='bbox 395 1181 524 1264; x_wconf 86' lang='lat' dir='ltr'>legasse</span> <span class='ocrx_word' id='word_1_77' title='bbox 557 1185 591 1244; x_wconf 92' lang='lat' dir='ltr'>et</span> <span class='ocrx_word' id='word_1_78' title='bbox 621 1181 798 1259; x_wconf 83' lang='lat' dir='ltr'>deputasse</span> <span class='ocrx_word' id='word_1_79' title='bbox 831 1182 906 1258; x_wconf 90' lang='lat' dir='ltr'>post</span> <span class='ocrx_word' id='word_1_80' title='bbox 936 1194 1040 1242; x_wconf 92' lang='lat' dir='ltr'>meum</span> <span class='ocrx_word' id='word_1_81' title='bbox 1073 1171 1223 1260; x_wconf 76' lang='lat' dir='ltr'>oblitum]</span> <span class='ocrx_word' id='word_1_82' title='bbox 1254 1173 1437 1254; x_wconf 82' lang='lat' dir='ltr'>debardi,</span> <span class='ocrx_word' id='word_1_83' title='bbox 1471 1174 1589 1240; x_wconf 90' lang='lat' dir='ltr'>ancille</span> <span class='ocrx_word' id='word_1_84' title='bbox 1619 1195 1706 1254; x_wconf 92' lang='lat' dir='ltr'>mee,</span> <span class='ocrx_word' id='word_1_85' title='bbox 1741 1177 1899 1243; x_wconf 81' lang='lat' dir='ltr'>tredecim</span> <span class='ocrx_word' id='word_1_86' title='bbox 1929 1179 2047 1245; x_wconf 84' lang='lat' dir='ltr'>solidos</span> 
     </span>
     <span class='ocr_line' id='line_1_9' title="bbox 397 1279 2047 1369; baseline -0.002 -15"><span class='ocrx_word' id='word_1_87' title='bbox 397 1285 607 1354; x_wconf 89' lang='lat' dir='ltr'>denariorum</span> <span class='ocrx_word' id='word_1_88' title='bbox 631 1282 871 1352; x_wconf 70' lang='lat' dir='ltr'>coloniensium</span> <span class='ocrx_word' id='word_1_89' title='bbox 901 1301 1001 1364; x_wconf 89' lang='lat' dir='ltr'>super</span> <span class='ocrx_word' id='word_1_90' title='bbox 1030 1301 1097 1348; x_wconf 90' lang='lat' dir='ltr'>una</span> <span class='ocrx_word' id='word_1_91' title='bbox 1121 1283 1225 1362; x_wconf 91' lang='lat' dir='ltr'>domo,</span> <span class='ocrx_word' id='word_1_92' title='bbox 1251 1300 1348 1362; x_wconf 86' lang='lat' dir='ltr'>quam</span> <span class='ocrx_word' id='word_1_93' title='bbox 1372 1281 1479 1346; x_wconf 91' lang='lat' dir='ltr'>dictus</span> <span class='ocrx_word' id='word_1_94' title='bbox 1505 1279 1688 1365; x_wconf 84' lang='lat' dir='ltr'>Sldderlrop</span> <span class='ocrx_word' id='word_1_95' title='bbox 1711 1283 1887 1366; x_wconf 84' lang='lat' dir='ltr'>inhabitat,</span> <span class='ocrx_word' id='word_1_96' title='bbox 1913 1285 2047 1369; x_wconf 82' lang='lat' dir='ltr'>singulis</span> 
     </span>
     <span class='ocr_line' id='line_1_10' title="bbox 396 1387 2043 1474; baseline -0.004 -12"><span class='ocrx_word' id='word_1_97' title='bbox 396 1393 492 1462; x_wconf 90' lang='lat' dir='ltr'>annis</span> <span class='ocrx_word' id='word_1_98' title='bbox 521 1392 555 1458; x_wconf 93' lang='lat' dir='ltr'>in</span> <span class='ocrx_word' id='word_1_99' title='bbox 579 1390 665 1457; x_wconf 81' lang='lat' dir='ltr'>festo</span> <span class='ocrx_word' id='word_1_100' title='bbox 688 1389 780 1456; x_wconf 89' lang='lat' dir='ltr'>beati</span> <span class='ocrx_word' id='word_1_101' title='bbox 803 1389 950 1471; x_wconf 87' lang='lat' dir='ltr'>Martini,</span> <span class='ocrx_word' id='word_1_102' title='bbox 975 1408 1038 1471; x_wconf 87' lang='lat' dir='ltr'>quo</span> <span class='ocrx_word' id='word_1_103' title='bbox 1063 1387 1137 1470; x_wconf 91' lang='lat' dir='ltr'>ipsa</span> <span class='ocrx_word' id='word_1_104' title='bbox 1159 1387 1344 1454; x_wconf 79' lang='lat' dir='ltr'>Lichardis</span> <span class='ocrx_word' id='word_1_105' title='bbox 1368 1387 1542 1470; x_wconf 85' lang='lat' dir='ltr'>advixerit,</span> <span class='ocrx_word' id='word_1_106' title='bbox 1568 1389 1730 1456; x_wconf 88' lang='lat' dir='ltr'>tollendos</span> <span class='ocrx_word' id='word_1_107' title='bbox 1754 1396 1788 1456; x_wconf 92' lang='lat' dir='ltr'>et</span> <span class='ocrx_word' id='word_1_108' title='bbox 1811 1391 2043 1474; x_wconf 85' lang='lat' dir='ltr'>percipiendos.</span> 
     </span>
     <span class='ocr_line' id='line_1_11' title="bbox 395 1492 2044 1582; baseline -0.001 -15"><span class='ocrx_word' id='word_1_109' title='bbox 395 1502 574 1581; x_wconf 90' lang='lat' dir='ltr'>Postquam</span> <span class='ocrx_word' id='word_1_110' title='bbox 607 1503 716 1564; x_wconf 90' lang='lat' dir='ltr'>autem</span> <span class='ocrx_word' id='word_1_111' title='bbox 750 1498 791 1562; x_wconf 91' lang='lat' dir='ltr'>ab</span> <span class='ocrx_word' id='word_1_112' title='bbox 823 1496 886 1562; x_wconf 90' lang='lat' dir='ltr'>hac</span> <span class='ocrx_word' id='word_1_113' title='bbox 915 1497 987 1562; x_wconf 91' lang='lat' dir='ltr'>luce</span> <span class='ocrx_word' id='word_1_114' title='bbox 1017 1492 1228 1578; x_wconf 86' lang='lat' dir='ltr'>migraverit,</span> <span class='ocrx_word' id='word_1_115' title='bbox 1260 1493 1342 1559; x_wconf 87' lang='lat' dir='ltr'>dicti</span> <span class='ocrx_word' id='word_1_116' title='bbox 1373 1493 1555 1582; x_wconf 75' lang='lat' dir='ltr'>treldecim]</span> <span class='ocrx_word' id='word_1_117' title='bbox 1587 1496 1687 1562; x_wconf 91' lang='lat' dir='ltr'>solidi</span> <span class='ocrx_word' id='word_1_118' title='bbox 1716 1498 1926 1564; x_wconf 89' lang='lat' dir='ltr'>denariorum</span> <span class='ocrx_word' id='word_1_119' title='bbox 1957 1499 2044 1565; x_wconf 88' lang='lat' dir='ltr'>Colo-</span> 
     </span>
     <span class='ocr_line' id='line_1_12' title="bbox 396 1601 2043 1685; baseline -0.002 -11"><span class='ocrx_word' id='word_1_120' title='bbox 396 1607 559 1675; x_wconf 80' lang='lat' dir='ltr'>nienslom</span> <span class='ocrx_word' id='word_1_121' title='bbox 588 1605 631 1671; x_wconf 90' lang='lat' dir='ltr'>ad</span> <span class='ocrx_word' id='word_1_122' title='bbox 661 1602 850 1685; x_wconf 80' lang='lat' dir='ltr'>predictos.</span> <span class='ocrx_word' id='word_1_123' title='bbox 870 1653 876 1667; x_wconf 93' lang='lat'>.</span> <span class='ocrx_word' id='word_1_124' title='bbox 895 1603 1037 1685; x_wconf 89' lang='lat' dir='ltr'>priorem</span> <span class='ocrx_word' id='word_1_125' title='bbox 1061 1609 1094 1668; x_wconf 91' lang='lat' dir='ltr'>et</span> <span class='ocrx_word' id='word_1_126' title='bbox 1126 1607 1323 1668; x_wconf 80' lang='lat' dir='ltr'>conventum</span> <span class='ocrx_word' id='word_1_127' title='bbox 1346 1601 1594 1668; x_wconf 88' lang='lat' dir='ltr'>Predicatorum</span> <span class='ocrx_word' id='word_1_128' title='bbox 1622 1623 1693 1669; x_wconf 89' lang='lat' dir='ltr'>cum</span> <span class='ocrx_word' id='word_1_129' title='bbox 1717 1623 1776 1670; x_wconf 91' lang='lat' dir='ltr'>suo</span> <span class='ocrx_word' id='word_1_130' title='bbox 1799 1605 1870 1671; x_wconf 88' lang='lat' dir='ltr'>iure</span> <span class='ocrx_word' id='word_1_131' title='bbox 1894 1613 1929 1671; x_wconf 91' lang='lat' dir='ltr'>et</span> <span class='ocrx_word' id='word_1_132' title='bbox 1953 1625 2043 1672; x_wconf 87' lang='lat' dir='ltr'>onere</span> 
     </span>
     <span class='ocr_line' id='line_1_13' title="bbox 396 1707 2044 1796; baseline -0.002 -15"><span class='ocrx_word' id='word_1_133' title='bbox 396 1714 622 1782; x_wconf 88' lang='lat' dir='ltr'>devolventur.</span> <span class='ocrx_word' id='word_1_134' title='bbox 684 1711 842 1776; x_wconf 88' lang='lat' dir='ltr'>Preterea</span> <span class='ocrx_word' id='word_1_135' title='bbox 873 1707 1101 1796; x_wconf 86' lang='lat' dir='ltr'>[recognosco,</span> <span class='ocrx_word' id='word_1_136' title='bbox 1143 1728 1193 1774; x_wconf 90' lang='lat' dir='ltr'>me</span> <span class='ocrx_word' id='word_1_137' title='bbox 1225 1708 1355 1792; x_wconf 89' lang='lat' dir='ltr'>legasse</span> <span class='ocrx_word' id='word_1_138' title='bbox 1388 1715 1422 1774; x_wconf 92' lang='lat' dir='ltr'>et</span> <span class='ocrx_word' id='word_1_139' title='bbox 1454 1707 1644 1796; x_wconf 87' lang='lat' dir='ltr'>deputasse]</span> <span class='ocrx_word' id='word_1_140' title='bbox 1679 1709 1820 1792; x_wconf 85' lang='lat' dir='ltr'>prelatis</span> <span class='ocrx_word' id='word_1_141' title='bbox 1858 1712 2044 1779; x_wconf 83' lang='lat' dir='ltr'>Mechtlrildi</span> 
     </span>
     <span class='ocr_line' id='line_1_14' title="bbox 397 1813 2041 1905; baseline -0.003 -15"><span class='ocrx_word' id='word_1_142' title='bbox 397 1829 431 1890; x_wconf 90' lang='lat' dir='ltr'>et</span> <span class='ocrx_word' id='word_1_143' title='bbox 459 1816 628 1888; x_wconf 84' lang='lat' dir='ltr'>dehardi</span> <span class='ocrx_word' id='word_1_144' title='bbox 662 1815 872 1886; x_wconf 89' lang='lat' dir='ltr'>medietatem</span> <span class='ocrx_word' id='word_1_145' title='bbox 905 1815 1003 1882; x_wconf 90' lang='lat' dir='ltr'>unius</span> <span class='ocrx_word' id='word_1_146' title='bbox 1039 1817 1153 1883; x_wconf 88' lang='lat' dir='ltr'>domus</span> <span class='ocrx_word' id='word_1_147' title='bbox 1188 1817 1274 1896; x_wconf 91' lang='lat' dir='ltr'>apud</span> <span class='ocrx_word' id='word_1_148' title='bbox 1312 1814 1436 1880; x_wconf 88' lang='lat' dir='ltr'>curiam</span> <span class='ocrx_word' id='word_1_149' title='bbox 1469 1813 1670 1882; x_wconf 90' lang='lat' dir='ltr'>Schelmonis</span> <span class='ocrx_word' id='word_1_150' title='bbox 1704 1817 1817 1882; x_wconf 92' lang='lat' dir='ltr'>militis</span> <span class='ocrx_word' id='word_1_151' title='bbox 1852 1815 1965 1904; x_wconf 89' lang='lat' dir='ltr'>[sitam</span> <span class='ocrx_word' id='word_1_152' title='bbox 1996 1817 2041 1905; x_wconf 80' lang='lat' dir='ltr'>adl</span> 
     </span>
     <span class='ocr_line' id='line_1_15' title="bbox 395 1920 2042 2004; baseline -0.003 -7"><span class='ocrx_word' id='word_1_153' title='bbox 395 1927 646 1997; x_wconf 89' lang='lat' dir='ltr'>inhabitandum</span> <span class='ocrx_word' id='word_1_154' title='bbox 678 1925 815 1990; x_wconf 90' lang='lat' dir='ltr'>eandem</span> <span class='ocrx_word' id='word_1_155' title='bbox 845 1922 990 2004; x_wconf 90' lang='lat' dir='ltr'>insimul,</span> <span class='ocrx_word' id='word_1_156' title='bbox 1023 1925 1132 2004; x_wconf 90' lang='lat' dir='ltr'>quoad</span> <span class='ocrx_word' id='word_1_157' title='bbox 1161 1920 1315 1989; x_wconf 84' lang='lat' dir='ltr'>vixerint.</span> <span class='ocrx_word' id='word_1_158' title='bbox 1368 1921 1547 2002; x_wconf 88' lang='lat' dir='ltr'>Postquam</span> <span class='ocrx_word' id='word_1_159' title='bbox 1577 1930 1688 1989; x_wconf 91' lang='lat' dir='ltr'>autem</span> <span class='ocrx_word' id='word_1_160' title='bbox 1719 1926 1759 1990; x_wconf 92' lang='lat' dir='ltr'>de</span> <span class='ocrx_word' id='word_1_161' title='bbox 1789 1925 1895 1991; x_wconf 91' lang='lat' dir='ltr'>medio</span> <span class='ocrx_word' id='word_1_162' title='bbox 1927 1923 2042 1992; x_wconf 84' lang='lat' dir='ltr'>luerint</span> 
     </span>
     <span class='ocr_line' id='line_1_16' title="bbox 395 2027 2043 2116; baseline -0.004 -13"><span class='ocrx_word' id='word_1_163' title='bbox 395 2035 534 2116; x_wconf 87' lang='lat' dir='ltr'>sublate,</span> <span class='ocrx_word' id='word_1_164' title='bbox 558 2032 634 2116; x_wconf 93' lang='lat' dir='ltr'>ipsa</span> <span class='ocrx_word' id='word_1_165' title='bbox 663 2031 822 2097; x_wconf 89' lang='lat' dir='ltr'>medietas</span> <span class='ocrx_word' id='word_1_166' title='bbox 853 2032 966 2097; x_wconf 92' lang='lat' dir='ltr'>domus</span> <span class='ocrx_word' id='word_1_167' title='bbox 998 2032 1039 2096; x_wconf 90' lang='lat' dir='ltr'>ad</span> <span class='ocrx_word' id='word_1_168' title='bbox 1070 2029 1256 2112; x_wconf 88' lang='lat' dir='ltr'>sepedictos</span> <span class='ocrx_word' id='word_1_169' title='bbox 1287 2027 1428 2111; x_wconf 91' lang='lat' dir='ltr'>priorem</span> <span class='ocrx_word' id='word_1_170' title='bbox 1459 2035 1493 2094; x_wconf 91' lang='lat' dir='ltr'>et</span> <span class='ocrx_word' id='word_1_171' title='bbox 1523 2038 1719 2097; x_wconf 86' lang='lat' dir='ltr'>conventum</span> <span class='ocrx_word' id='word_1_172' title='bbox 1744 2050 1816 2097; x_wconf 94' lang='lat' dir='ltr'>cum</span> <span class='ocrx_word' id='word_1_173' title='bbox 1838 2051 1899 2098; x_wconf 91' lang='lat' dir='ltr'>suo</span> <span class='ocrx_word' id='word_1_174' title='bbox 1923 2031 1996 2099; x_wconf 88' lang='lat' dir='ltr'>iure</span> <span class='ocrx_word' id='word_1_175' title='bbox 2015 2040 2043 2098; x_wconf 91' lang='lat' dir='ltr'>et</span> 
     </span>
     <span class='ocr_line' id='line_1_17' title="bbox 396 2133 2040 2226; baseline -0.002 -16"><span class='ocrx_word' id='word_1_176' title='bbox 396 2162 495 2210; x_wconf 88' lang='lat' dir='ltr'>onere</span> <span class='ocrx_word' id='word_1_177' title='bbox 525 2138 690 2206; x_wconf 87' lang='lat' dir='ltr'>transibit.</span> <span class='ocrx_word' id='word_1_178' title='bbox 738 2138 823 2204; x_wconf 91' lang='lat' dir='ltr'>Item</span> <span class='ocrx_word' id='word_1_179' title='bbox 853 2139 974 2219; x_wconf 91' lang='lat' dir='ltr'>deputo</span> <span class='ocrx_word' id='word_1_180' title='bbox 1005 2143 1039 2203; x_wconf 92' lang='lat' dir='ltr'>et</span> <span class='ocrx_word' id='word_1_181' title='bbox 1069 2136 1202 2220; x_wconf 87' lang='lat' dir='ltr'>assigno</span> <span class='ocrx_word' id='word_1_182' title='bbox 1234 2133 1364 2218; x_wconf 83' lang='lat' dir='ltr'>prefate</span> <span class='ocrx_word' id='word_1_183' title='bbox 1394 2134 1561 2203; x_wconf 84' lang='lat' dir='ltr'>Lilcbardi</span> <span class='ocrx_word' id='word_1_184' title='bbox 1590 2136 1781 2218; x_wconf 89' lang='lat' dir='ltr'>specialiter</span> <span class='ocrx_word' id='word_1_185' title='bbox 1811 2145 1888 2222; x_wconf 87' lang='lat' dir='ltr'>post</span> <span class='ocrx_word' id='word_1_186' title='bbox 1919 2137 2040 2226; x_wconf 79' lang='lat' dir='ltr'>[meum]</span> 
     </span>
     <span class='ocr_line' id='line_1_18' title="bbox 395 2242 2041 2326; baseline -0.002 -9"><span class='ocrx_word' id='word_1_187' title='bbox 395 2250 520 2318; x_wconf 87' lang='lat' dir='ltr'>obitum</span> <span class='ocrx_word' id='word_1_188' title='bbox 549 2250 630 2313; x_wconf 91' lang='lat' dir='ltr'>duos</span> <span class='ocrx_word' id='word_1_189' title='bbox 660 2244 782 2312; x_wconf 88' lang='lat' dir='ltr'>solidos</span> <span class='ocrx_word' id='word_1_190' title='bbox 813 2243 1021 2310; x_wconf 88' lang='lat' dir='ltr'>denariorum</span> <span class='ocrx_word' id='word_1_191' title='bbox 1045 2242 1286 2309; x_wconf 70' lang='lat' dir='ltr'>boloniensium</span> <span class='ocrx_word' id='word_1_192' title='bbox 1318 2261 1436 2309; x_wconf 87' lang='lat' dir='ltr'>censos</span> <span class='ocrx_word' id='word_1_193' title='bbox 1466 2243 1617 2309; x_wconf 87' lang='lat' dir='ltr'>annualis</span> <span class='ocrx_word' id='word_1_194' title='bbox 1647 2263 1748 2326; x_wconf 86' lang='lat' dir='ltr'>super</span> <span class='ocrx_word' id='word_1_195' title='bbox 1777 2245 1844 2312; x_wconf 89' lang='lat' dir='ltr'>alia</span> <span class='ocrx_word' id='word_1_196' title='bbox 1872 2246 2041 2312; x_wconf 88' lang='lat' dir='ltr'>medietate</span> 
     </span>
     <span class='ocr_line' id='line_1_19' title="bbox 396 2349 2041 2434; baseline -0.004 -10"><span class='ocrx_word' id='word_1_197' title='bbox 396 2360 509 2424; x_wconf 92' lang='lat' dir='ltr'>domus</span> <span class='ocrx_word' id='word_1_198' title='bbox 540 2352 707 2421; x_wconf 88' lang='lat' dir='ltr'>antedicte</span> <span class='ocrx_word' id='word_1_199' title='bbox 738 2358 771 2417; x_wconf 91' lang='lat' dir='ltr'>et</span> <span class='ocrx_word' id='word_1_200' title='bbox 801 2369 900 2416; x_wconf 89' lang='lat' dir='ltr'>unum</span> <span class='ocrx_word' id='word_1_201' title='bbox 933 2350 1070 2418; x_wconf 90' lang='lat' dir='ltr'>solidum</span> <span class='ocrx_word' id='word_1_202' title='bbox 1094 2349 1315 2417; x_wconf 77' lang='lat' dir='ltr'>Coloniensera</span> <span class='ocrx_word' id='word_1_203' title='bbox 1346 2368 1465 2416; x_wconf 86' lang='lat' dir='ltr'>census</span> <span class='ocrx_word' id='word_1_204' title='bbox 1489 2351 1640 2416; x_wconf 87' lang='lat' dir='ltr'>annualis</span> <span class='ocrx_word' id='word_1_205' title='bbox 1663 2370 1764 2434; x_wconf 89' lang='lat' dir='ltr'>super</span> <span class='ocrx_word' id='word_1_206' title='bbox 1786 2354 1881 2418; x_wconf 93' lang='lat' dir='ltr'>domo</span> <span class='ocrx_word' id='word_1_207' title='bbox 1906 2352 2041 2420; x_wconf 85' lang='lat' dir='ltr'>Gerliue</span> 
     </span>
     <span class='ocr_line' id='line_1_20' title="bbox 397 2455 2042 2546; baseline -0.004 -16"><span class='ocrx_word' id='word_1_208' title='bbox 397 2465 484 2546; x_wconf 88' lang='lat' dir='ltr'>apud</span> <span class='ocrx_word' id='word_1_209' title='bbox 499 2459 728 2528; x_wconf 89' lang='lat' dir='ltr'>Predicatores</span> <span class='ocrx_word' id='word_1_210' title='bbox 752 2460 795 2524; x_wconf 92' lang='lat' dir='ltr'>ad</span> <span class='ocrx_word' id='word_1_211' title='bbox 819 2465 968 2540; x_wconf 90' lang='lat' dir='ltr'>tempora</span> <span class='ocrx_word' id='word_1_212' title='bbox 991 2463 1072 2524; x_wconf 78' lang='lat' dir='ltr'>sue·</span> <span class='ocrx_word' id='word_1_213' title='bbox 1096 2456 1164 2525; x_wconf 87' lang='lat' dir='ltr'>vite</span> <span class='ocrx_word' id='word_1_214' title='bbox 1180 2455 1351 2522; x_wconf 89' lang='lat' dir='ltr'>annuatim</span> <span class='ocrx_word' id='word_1_215' title='bbox 1366 2455 1528 2523; x_wconf 88' lang='lat' dir='ltr'>tollendos</span> <span class='ocrx_word' id='word_1_216' title='bbox 1544 2464 1578 2524; x_wconf 92' lang='lat' dir='ltr'>et</span> <span class='ocrx_word' id='word_1_217' title='bbox 1593 2457 1833 2540; x_wconf 88' lang='lat' dir='ltr'>percipiendos.</span> <span class='ocrx_word' id='word_1_218' title='bbox 1873 2461 2042 2540; x_wconf 89' lang='lat' dir='ltr'>Postquam</span> 
     </span>
     <span class='ocr_line' id='line_1_21' title="bbox 397 2560 2041 2652; baseline -0.004 -16"><span class='ocrx_word' id='word_1_219' title='bbox 397 2576 507 2636; x_wconf 88' lang='lat' dir='ltr'>autem</span> <span class='ocrx_word' id='word_1_220' title='bbox 530 2567 604 2651; x_wconf 87' lang='lat' dir='ltr'>ipsa</span> <span class='ocrx_word' id='word_1_221' title='bbox 620 2565 802 2632; x_wconf 82' lang='lat' dir='ltr'>debardis</span> <span class='ocrx_word' id='word_1_222' title='bbox 826 2566 867 2631; x_wconf 93' lang='lat' dir='ltr'>ab</span> <span class='ocrx_word' id='word_1_223' title='bbox 891 2565 953 2631; x_wconf 85' lang='lat' dir='ltr'>lrac</span> <span class='ocrx_word' id='word_1_224' title='bbox 977 2562 1073 2652; x_wconf 77' lang='lat' dir='ltr'>[vital</span> <span class='ocrx_word' id='word_1_225' title='bbox 1099 2562 1288 2644; x_wconf 87' lang='lat' dir='ltr'>decesserit,</span> <span class='ocrx_word' id='word_1_226' title='bbox 1314 2560 1438 2644; x_wconf 84' lang='lat' dir='ltr'>prefati</span> <span class='ocrx_word' id='word_1_227' title='bbox 1461 2570 1530 2630; x_wconf 85' lang='lat' dir='ltr'>tres</span> <span class='ocrx_word' id='word_1_228' title='bbox 1553 2563 1649 2631; x_wconf 87' lang='lat' dir='ltr'>solidi</span> <span class='ocrx_word' id='word_1_229' title='bbox 1665 2565 1873 2632; x_wconf 79' lang='lat' dir='ltr'>Colonienscs</span> <span class='ocrx_word' id='word_1_230' title='bbox 1897 2569 1940 2632; x_wconf 91' lang='lat' dir='ltr'>ad</span> <span class='ocrx_word' id='word_1_231' title='bbox 1960 2586 2041 2647; x_wconf 83' lang='lat' dir='ltr'>sepe-</span> 
     </span>
     <span class='ocr_line' id='line_1_22' title="bbox 397 2669 2042 2755; baseline -0.004 -12"><span class='ocrx_word' id='word_1_232' title='bbox 397 2676 503 2743; x_wconf 90' lang='lat' dir='ltr'>dictos</span> <span class='ocrx_word' id='word_1_233' title='bbox 530 2673 654 2740; x_wconf 86' lang='lat' dir='ltr'>iratres</span> <span class='ocrx_word' id='word_1_234' title='bbox 673 2725 679 2738; x_wconf 91' lang='lat'>.</span> <span class='ocrx_word' id='word_1_235' title='bbox 700 2725 705 2738; x_wconf 94' lang='lat'>.</span> <span class='ocrx_word' id='word_1_236' title='bbox 724 2672 865 2755; x_wconf 90' lang='lat' dir='ltr'>priorem</span> <span class='ocrx_word' id='word_1_237' title='bbox 897 2679 929 2737; x_wconf 91' lang='lat' dir='ltr'>et</span> <span class='ocrx_word' id='word_1_238' title='bbox 954 2678 1151 2739; x_wconf 91' lang='lat' dir='ltr'>conventum</span> <span class='ocrx_word' id='word_1_239' title='bbox 1175 2670 1424 2736; x_wconf 88' lang='lat' dir='ltr'>Predicatorum</span> <span class='ocrx_word' id='word_1_240' title='bbox 1448 2669 1672 2737; x_wconf 81' lang='lat' dir='ltr'>devolventur.</span> <span class='ocrx_word' id='word_1_241' title='bbox 1712 2672 1830 2738; x_wconf 90' lang='lat' dir='ltr'>Omnia</span> <span class='ocrx_word' id='word_1_242' title='bbox 1854 2670 1959 2739; x_wconf 70' lang='lat' dir='ltr'>verol</span> <span class='ocrx_word' id='word_1_243' title='bbox 1978 2693 2042 2755; x_wconf 84' lang='lat' dir='ltr'>pre-</span> 
     </span>
     <span class='ocr_line' id='line_1_23' title="bbox 397 2776 2041 2865; baseline -0.004 -17"><span class='ocrx_word' id='word_1_244' title='bbox 397 2783 497 2849; x_wconf 88' lang='lat' dir='ltr'>missa</span> <span class='ocrx_word' id='word_1_245' title='bbox 527 2789 560 2847; x_wconf 92' lang='lat' dir='ltr'>et</span> <span class='ocrx_word' id='word_1_246' title='bbox 589 2780 718 2865; x_wconf 89' lang='lat' dir='ltr'>singula</span> <span class='ocrx_word' id='word_1_247' title='bbox 742 2782 828 2846; x_wconf 89' lang='lat' dir='ltr'>bona</span> <span class='ocrx_word' id='word_1_248' title='bbox 852 2799 911 2861; x_wconf 87' lang='lat' dir='ltr'>per</span> <span class='ocrx_word' id='word_1_249' title='bbox 934 2799 984 2844; x_wconf 93' lang='lat' dir='ltr'>me</span> <span class='ocrx_word' id='word_1_250' title='bbox 1008 2778 1223 2862; x_wconf 85' lang='lat' dir='ltr'>Irmegardim</span> <span class='ocrx_word' id='word_1_251' title='bbox 1248 2776 1473 2858; x_wconf 88' lang='lat' dir='ltr'>supradictam</span> <span class='ocrx_word' id='word_1_252' title='bbox 1496 2777 1685 2844; x_wconf 88' lang='lat' dir='ltr'>memoratis</span> <span class='ocrx_word' id='word_1_253' title='bbox 1708 2779 1859 2860; x_wconf 87' lang='lat' dir='ltr'>personis</span> <span class='ocrx_word' id='word_1_254' title='bbox 1882 2780 1993 2863; x_wconf 83' lang='lat' dir='ltr'>legata</span> <span class='ocrx_word' id='word_1_255' title='bbox 2012 2789 2041 2845; x_wconf 87' lang='lat' dir='ltr'>et</span> 
     </span>
     <span class='ocr_line' id='line_1_24' title="bbox 396 2884 2042 2974; baseline -0.004 -18"><span class='ocrx_word' id='word_1_256' title='bbox 396 2893 558 2974; x_wconf 90' lang='lat' dir='ltr'>deputata</span> <span class='ocrx_word' id='word_1_257' title='bbox 580 2887 632 2968; x_wconf 89' lang='lat' dir='ltr'>pie</span> <span class='ocrx_word' id='word_1_258' title='bbox 656 2893 791 2969; x_wconf 89' lang='lat' dir='ltr'>propter</span> <span class='ocrx_word' id='word_1_259' title='bbox 815 2888 919 2967; x_wconf 90' lang='lat' dir='ltr'>deum,</span> <span class='ocrx_word' id='word_1_260' title='bbox 943 2893 981 2950; x_wconf 88' lang='lat' dir='ltr'>ut</span> <span class='ocrx_word' id='word_1_261' title='bbox 1005 2893 1056 2950; x_wconf 90' lang='lat' dir='ltr'>est</span> <span class='ocrx_word' id='word_1_262' title='bbox 1080 2891 1276 2966; x_wconf 86' lang='lat' dir='ltr'>pretactum,</span> <span class='ocrx_word' id='word_1_263' title='bbox 1302 2904 1367 2950; x_wconf 93' lang='lat' dir='ltr'>non</span> <span class='ocrx_word' id='word_1_264' title='bbox 1390 2885 1512 2949; x_wconf 90' lang='lat' dir='ltr'>debent</span> <span class='ocrx_word' id='word_1_265' title='bbox 1534 2884 1641 2964; x_wconf 85' lang='lat' dir='ltr'>vendi,</span> <span class='ocrx_word' id='word_1_266' title='bbox 1667 2886 1811 2952; x_wconf 90' lang='lat' dir='ltr'>distrahi</span> <span class='ocrx_word' id='word_1_267' title='bbox 1835 2893 1895 2952; x_wconf 90' lang='lat' dir='ltr'>aut</span> <span class='ocrx_word' id='word_1_268' title='bbox 1914 2885 2042 2952; x_wconf 82' lang='lat' dir='ltr'>abanan</span> 
     </span>
     <span class='ocr_line' id='line_1_25' title="bbox 397 2990 2042 3080; baseline -0.005 -18"><span class='ocrx_word' id='word_1_269' title='bbox 397 3016 455 3080; x_wconf 93' lang='lat' dir='ltr'>per</span> <span class='ocrx_word' id='word_1_270' title='bbox 485 2996 576 3078; x_wconf 87' lang='lat' dir='ltr'>ipsas</span> <span class='ocrx_word' id='word_1_271' title='bbox 607 3012 765 3076; x_wconf 87' lang='lat' dir='ltr'>personas</span> <span class='ocrx_word' id='word_1_272' title='bbox 795 2992 860 3058; x_wconf 91' lang='lat' dir='ltr'>ullo</span> <span class='ocrx_word' id='word_1_273' title='bbox 890 2995 995 3058; x_wconf 91' lang='lat' dir='ltr'>modo.</span> <span class='ocrx_word' id='word_1_274' title='bbox 1044 2993 1196 3058; x_wconf 69' lang='lat' dir='ltr'>Ceterum</span> <span class='ocrx_word' id='word_1_275' title='bbox 1227 3011 1287 3074; x_wconf 85' lang='lat' dir='ltr'>ego</span> <span class='ocrx_word' id='word_1_276' title='bbox 1317 2991 1519 3074; x_wconf 85' lang='lat' dir='ltr'>Irmegardis</span> <span class='ocrx_word' id='word_1_277' title='bbox 1549 2991 1700 3073; x_wconf 88' lang='lat' dir='ltr'>predicta</span> <span class='ocrx_word' id='word_1_278' title='bbox 1730 2992 1875 3074; x_wconf 82' lang='lat' dir='ltr'>excipio,</span> <span class='ocrx_word' id='word_1_279' title='bbox 1908 2990 2042 3074; x_wconf 85' lang='lat' dir='ltr'>quodsi</span> 
     </span>
     <span class='ocr_line' id='line_1_26' title="bbox 396 3097 2040 3182; baseline -0.004 -13"><span class='ocrx_word' id='word_1_280' title='bbox 396 3102 530 3170; x_wconf 91' lang='lat' dir='ltr'>evidens</span> <span class='ocrx_word' id='word_1_281' title='bbox 554 3108 587 3166; x_wconf 91' lang='lat' dir='ltr'>et</span> <span class='ocrx_word' id='word_1_282' title='bbox 611 3119 731 3182; x_wconf 87' lang='lat' dir='ltr'>urgens</span> <span class='ocrx_word' id='word_1_283' title='bbox 755 3098 936 3164; x_wconf 87' lang='lat' dir='ltr'>necessitas</span> <span class='ocrx_word' id='word_1_284' title='bbox 960 3098 1067 3180; x_wconf 86' lang='lat' dir='ltr'>michi,</span> <span class='ocrx_word' id='word_1_285' title='bbox 1094 3100 1180 3179; x_wconf 84' lang='lat' dir='ltr'>quod</span> <span class='ocrx_word' id='word_1_286' title='bbox 1203 3098 1301 3180; x_wconf 91' lang='lat' dir='ltr'>absit,</span> <span class='ocrx_word' id='word_1_287' title='bbox 1325 3097 1497 3180; x_wconf 86' lang='lat' dir='ltr'>ingruerit,</span> <span class='ocrx_word' id='word_1_288' title='bbox 1523 3100 1608 3179; x_wconf 89' lang='lat' dir='ltr'>quod</span> <span class='ocrx_word' id='word_1_289' title='bbox 1632 3118 1693 3182; x_wconf 86' lang='lat' dir='ltr'>ego</span> <span class='ocrx_word' id='word_1_290' title='bbox 1717 3099 1840 3181; x_wconf 87' lang='lat' dir='ltr'>possim</span> <span class='ocrx_word' id='word_1_291' title='bbox 1864 3106 1899 3166; x_wconf 90' lang='lat' dir='ltr'>et</span> <span class='ocrx_word' id='word_1_292' title='bbox 1922 3099 2040 3165; x_wconf 86' lang='lat' dir='ltr'>valeam</span> 
     </span>
     <span class='ocr_line' id='line_1_27' title="bbox 397 3205 2043 3288; baseline -0.004 -13"><span class='ocrx_word' id='word_1_293' title='bbox 397 3208 505 3275; x_wconf 89' lang='lat' dir='ltr'>omnia</span> <span class='ocrx_word' id='word_1_294' title='bbox 541 3209 628 3273; x_wconf 92' lang='lat' dir='ltr'>bona</span> <span class='ocrx_word' id='word_1_295' title='bbox 665 3205 815 3288; x_wconf 86' lang='lat' dir='ltr'>superius</span> <span class='ocrx_word' id='word_1_296' title='bbox 853 3224 1011 3287; x_wconf 84' lang='lat' dir='ltr'>expressa</span> <span class='ocrx_word' id='word_1_297' title='bbox 1044 3212 1077 3270; x_wconf 90' lang='lat' dir='ltr'>et</span> <span class='ocrx_word' id='word_1_298' title='bbox 1108 3223 1167 3286; x_wconf 87' lang='lat' dir='ltr'>per</span> <span class='ocrx_word' id='word_1_299' title='bbox 1197 3223 1247 3269; x_wconf 91' lang='lat' dir='ltr'>me</span> <span class='ocrx_word' id='word_1_300' title='bbox 1277 3205 1391 3286; x_wconf 91' lang='lat' dir='ltr'>legata</span> <span class='ocrx_word' id='word_1_301' title='bbox 1420 3223 1480 3285; x_wconf 90' lang='lat' dir='ltr'>pro</span> <span class='ocrx_word' id='word_1_302' title='bbox 1510 3223 1584 3270; x_wconf 91' lang='lat' dir='ltr'>mea</span> <span class='ocrx_word' id='word_1_303' title='bbox 1613 3205 1813 3272; x_wconf 89' lang='lat' dir='ltr'>necessitate</span> <span class='ocrx_word' id='word_1_304' title='bbox 1843 3209 1985 3272; x_wconf 88' lang='lat' dir='ltr'>vendere</span> <span class='ocrx_word' id='word_1_305' title='bbox 2013 3213 2043 3270; x_wconf 90' lang='lat' dir='ltr'>et</span> 
     </span>
     <span class='ocr_line' id='line_1_28' title="bbox 397 3310 2042 3396; baseline -0.005 -13"><span class='ocrx_word' id='word_1_306' title='bbox 397 3315 552 3396; x_wconf 89' lang='lat' dir='ltr'>alienare,</span> <span class='ocrx_word' id='word_1_307' title='bbox 578 3312 838 3380; x_wconf 88' lang='lat' dir='ltr'>contradictione</span> <span class='ocrx_word' id='word_1_308' title='bbox 868 3310 1087 3392; x_wconf 88' lang='lat' dir='ltr'>quorumlibet</span> <span class='ocrx_word' id='word_1_309' title='bbox 1118 3331 1182 3378; x_wconf 93' lang='lat' dir='ltr'>non</span> <span class='ocrx_word' id='word_1_310' title='bbox 1212 3313 1375 3377; x_wconf 89' lang='lat' dir='ltr'>obstante.</span> <span class='ocrx_word' id='word_1_311' title='bbox 1422 3311 1581 3376; x_wconf 87' lang='lat' dir='ltr'>Preterea</span> <span class='ocrx_word' id='word_1_312' title='bbox 1610 3317 1722 3377; x_wconf 87' lang='lat' dir='ltr'>statuo</span> <span class='ocrx_word' id='word_1_313' title='bbox 1753 3319 1788 3377; x_wconf 92' lang='lat' dir='ltr'>et</span> <span class='ocrx_word' id='word_1_314' title='bbox 1814 3311 1940 3395; x_wconf 87' lang='lat' dir='ltr'>ordino,</span> <span class='ocrx_word' id='word_1_315' title='bbox 1964 3313 2042 3394; x_wconf 86' lang='lat' dir='ltr'>quod</span> 
     </span>
     <span class='ocr_line' id='line_1_29' title="bbox 397 3416 2044 3502; baseline -0.004 -13"><span class='ocrx_word' id='word_1_316' title='bbox 397 3421 506 3489; x_wconf 90' lang='lat' dir='ltr'>omnia</span> <span class='ocrx_word' id='word_1_317' title='bbox 528 3422 614 3487; x_wconf 93' lang='lat' dir='ltr'>bona</span> <span class='ocrx_word' id='word_1_318' title='bbox 637 3418 779 3500; x_wconf 92' lang='lat' dir='ltr'>mobilia,</span> <span class='ocrx_word' id='word_1_319' title='bbox 804 3438 995 3501; x_wconf 82' lang='lat' dir='ltr'>quocunque</span> <span class='ocrx_word' id='word_1_320' title='bbox 1019 3418 1148 3485; x_wconf 91' lang='lat' dir='ltr'>nomine</span> <span class='ocrx_word' id='word_1_321' title='bbox 1170 3424 1378 3497; x_wconf 84' lang='lat' dir='ltr'>censeantur,</span> <span class='ocrx_word' id='word_1_322' title='bbox 1403 3435 1465 3498; x_wconf 87' lang='lat' dir='ltr'>que</span> <span class='ocrx_word' id='word_1_323' title='bbox 1487 3416 1522 3482; x_wconf 94' lang='lat' dir='ltr'>in</span> <span class='ocrx_word' id='word_1_324' title='bbox 1545 3424 1649 3483; x_wconf 90' lang='lat' dir='ltr'>morte</span> <span class='ocrx_word' id='word_1_325' title='bbox 1671 3437 1745 3484; x_wconf 91' lang='lat' dir='ltr'>mea</span> <span class='ocrx_word' id='word_1_326' title='bbox 1766 3419 1940 3502; x_wconf 90' lang='lat' dir='ltr'>reliquero,</span> <span class='ocrx_word' id='word_1_327' title='bbox 1964 3420 2044 3501; x_wconf 87' lang='lat' dir='ltr'>quod</span> 
     </span>
     <span class='ocr_line' id='line_1_30' title="bbox 397 3520 2041 3609; baseline -0.004 -13"><span class='ocrx_word' id='word_1_328' title='bbox 397 3528 503 3596; x_wconf 86' lang='lat' dir='ltr'>irater</span> <span class='ocrx_word' id='word_1_329' title='bbox 519 3525 684 3593; x_wconf 88' lang='lat' dir='ltr'>Ditwinus</span> <span class='ocrx_word' id='word_1_330' title='bbox 708 3525 831 3591; x_wconf 88' lang='lat' dir='ltr'>ordinis</span> <span class='ocrx_word' id='word_1_331' title='bbox 847 3525 1105 3606; x_wconf 88' lang='lat' dir='ltr'>Predicatorum,</span> <span class='ocrx_word' id='word_1_332' title='bbox 1130 3543 1221 3590; x_wconf 90' lang='lat' dir='ltr'>meus</span> <span class='ocrx_word' id='word_1_333' title='bbox 1245 3520 1424 3604; x_wconf 83' lang='lat' dir='ltr'>confessor,</span> <span class='ocrx_word' id='word_1_334' title='bbox 1449 3543 1522 3588; x_wconf 91' lang='lat' dir='ltr'>cum</span> <span class='ocrx_word' id='word_1_335' title='bbox 1546 3524 1667 3590; x_wconf 86' lang='lat' dir='ltr'>eisdem</span> <span class='ocrx_word' id='word_1_336' title='bbox 1691 3524 1846 3609; x_wconf 90' lang='lat' dir='ltr'>disponat</span> <span class='ocrx_word' id='word_1_337' title='bbox 1862 3533 1896 3592; x_wconf 93' lang='lat' dir='ltr'>et</span> <span class='ocrx_word' id='word_1_338' title='bbox 1910 3527 2041 3603; x_wconf 75' lang='lat' dir='ltr'>ordinet</span> 
     </span>
     <span class='ocr_line' id='line_1_31' title="bbox 398 3629 2044 3720; baseline -0.004 -18"><span class='ocrx_word' id='word_1_339' title='bbox 398 3642 496 3720; x_wconf 87' lang='lat' dir='ltr'>prout</span> <span class='ocrx_word' id='word_1_340' title='bbox 519 3632 625 3700; x_wconf 91' lang='lat' dir='ltr'>anime</span> <span class='ocrx_word' id='word_1_341' title='bbox 649 3651 719 3698; x_wconf 89' lang='lat' dir='ltr'>mee</span> <span class='ocrx_word' id='word_1_342' title='bbox 742 3631 883 3698; x_wconf 90' lang='lat' dir='ltr'>remedio</span> <span class='ocrx_word' id='word_1_343' title='bbox 908 3631 1073 3698; x_wconf 87' lang='lat' dir='ltr'>salubrius</span> <span class='ocrx_word' id='word_1_344' title='bbox 1096 3630 1219 3697; x_wconf 90' lang='lat' dir='ltr'>viderit</span> <span class='ocrx_word' id='word_1_345' title='bbox 1242 3630 1406 3713; x_wconf 81' lang='lat' dir='ltr'>expedire.</span> <span class='ocrx_word' id='word_1_346' title='bbox 1453 3631 1493 3695; x_wconf 90' lang='lat' dir='ltr'>In</span> <span class='ocrx_word' id='word_1_347' title='bbox 1516 3629 1581 3696; x_wconf 82' lang='lat' dir='ltr'>lriis</span> <span class='ocrx_word' id='word_1_348' title='bbox 1604 3629 1666 3697; x_wconf 90' lang='lat' dir='ltr'>sibi</span> <span class='ocrx_word' id='word_1_349' title='bbox 1690 3633 1899 3713; x_wconf 89' lang='lat' dir='ltr'>presentibus</span> <span class='ocrx_word' id='word_1_350' title='bbox 1922 3637 1963 3700; x_wconf 93' lang='lat' dir='ltr'>do</span> <span class='ocrx_word' id='word_1_351' title='bbox 1982 3633 2044 3715; x_wconf 86' lang='lat' dir='ltr'>ple-</span> 
     </span>
     <span class='ocr_line' id='line_1_32' title="bbox 397 3735 2044 3823; baseline -0.004 -14"><span class='ocrx_word' id='word_1_352' title='bbox 397 3741 524 3810; x_wconf 88' lang='lat' dir='ltr'>nariam</span> <span class='ocrx_word' id='word_1_353' title='bbox 555 3746 762 3823; x_wconf 90' lang='lat' dir='ltr'>potestatem.</span> <span class='ocrx_word' id='word_1_354' title='bbox 811 3739 928 3804; x_wconf 82' lang='lat' dir='ltr'>Testes</span> <span class='ocrx_word' id='word_1_355' title='bbox 959 3738 1100 3806; x_wconf 91' lang='lat' dir='ltr'>omnium</span> <span class='ocrx_word' id='word_1_356' title='bbox 1125 3737 1357 3819; x_wconf 90' lang='lat' dir='ltr'>premissorum</span> <span class='ocrx_word' id='word_1_357' title='bbox 1381 3735 1429 3802; x_wconf 92' lang='lat' dir='ltr'>bii</span> <span class='ocrx_word' id='word_1_358' title='bbox 1452 3742 1545 3802; x_wconf 90' lang='lat' dir='ltr'>sunt:</span> <span class='ocrx_word' id='word_1_359' title='bbox 1563 3737 1727 3804; x_wconf 81' lang='lat' dir='ltr'>Volradus</span> <span class='ocrx_word' id='word_1_360' title='bbox 1750 3739 1844 3805; x_wconf 88' lang='lat' dir='ltr'>miles</span> <span class='ocrx_word' id='word_1_361' title='bbox 1867 3740 2044 3806; x_wconf 88' lang='lat' dir='ltr'>sculthetus</span> 
     </span>
     <span class='ocr_line' id='line_1_33' title="bbox 397 3843 2046 3931; baseline -0.001 -17"><span class='ocrx_word' id='word_1_362' title='bbox 397 3849 430 3914; x_wconf 92' lang='lat' dir='ltr'>in</span> <span class='ocrx_word' id='word_1_363' title='bbox 453 3848 704 3928; x_wconf 83' lang='lat' dir='ltr'>Frankenvord,</span> <span class='ocrx_word' id='word_1_364' title='bbox 729 3844 917 3912; x_wconf 88' lang='lat' dir='ltr'>Hertwicus</span> <span class='ocrx_word' id='word_1_365' title='bbox 942 3848 981 3911; x_wconf 92' lang='lat' dir='ltr'>de</span> <span class='ocrx_word' id='word_1_366' title='bbox 997 3845 1085 3927; x_wconf 86' lang='lat' dir='ltr'>Vite,</span> <span class='ocrx_word' id='word_1_367' title='bbox 1112 3843 1341 3911; x_wconf 82' lang='lat' dir='ltr'>Ginemannus</span> <span class='ocrx_word' id='word_1_368' title='bbox 1364 3846 1404 3910; x_wconf 88' lang='lat' dir='ltr'>de</span> <span class='ocrx_word' id='word_1_369' title='bbox 1428 3844 1617 3926; x_wconf 79' lang='lat' dir='ltr'>Ovenbaclr,</span> <span class='ocrx_word' id='word_1_370' title='bbox 1642 3845 1807 3912; x_wconf 86' lang='lat' dir='ltr'>Henricus</span> <span class='ocrx_word' id='word_1_371' title='bbox 1831 3849 1871 3912; x_wconf 90' lang='lat' dir='ltr'>de</span> <span class='ocrx_word' id='word_1_372' title='bbox 1893 3848 2046 3931; x_wconf 88' lang='lat' dir='ltr'>Haggen·</span> 
     </span>
     <span class='ocr_line' id='line_1_34' title="bbox 397 3949 2047 4038; baseline -0.002 -16"><span class='ocrx_word' id='word_1_373' title='bbox 397 3958 487 4038; x_wconf 85' lang='lat' dir='ltr'>berg,</span> <span class='ocrx_word' id='word_1_374' title='bbox 513 3961 547 4020; x_wconf 91' lang='lat' dir='ltr'>et</span> <span class='ocrx_word' id='word_1_375' title='bbox 577 3952 785 4034; x_wconf 88' lang='lat' dir='ltr'>quamplures</span> <span class='ocrx_word' id='word_1_376' title='bbox 809 3951 866 4018; x_wconf 91' lang='lat' dir='ltr'>alii</span> <span class='ocrx_word' id='word_1_377' title='bbox 888 3952 977 4019; x_wconf 88' lang='lat' dir='ltr'>cives</span> <span class='ocrx_word' id='word_1_378' title='bbox 1001 3953 1340 4019; x_wconf 87' lang='lat' dir='ltr'>Fraukenvordenses</span> <span class='ocrx_word' id='word_1_379' title='bbox 1364 3949 1528 4034; x_wconf 87' lang='lat' dir='ltr'>fidedigni.</span> <span class='ocrx_word' id='word_1_380' title='bbox 1575 3952 1615 4016; x_wconf 96' lang='lat' dir='ltr'>ln</span> <span class='ocrx_word' id='word_1_381' title='bbox 1642 3951 1734 4018; x_wconf 90' lang='lat' dir='ltr'>cuius</span> <span class='ocrx_word' id='word_1_382' title='bbox 1757 3953 1806 4019; x_wconf 87' lang='lat' dir='ltr'>rei</span> <span class='ocrx_word' id='word_1_383' title='bbox 1829 3953 2047 4020; x_wconf 89' lang='lat' dir='ltr'>testimonimu</span> 
     </span>
     <span class='ocr_line' id='line_1_35' title="bbox 397 4055 2045 4144; baseline -0.002 -17"><span class='ocrx_word' id='word_1_384' title='bbox 397 4081 457 4127; x_wconf 92' lang='lat' dir='ltr'>nos</span> <span class='ocrx_word' id='word_1_385' title='bbox 475 4113 481 4126; x_wconf 97' lang='lat'>.</span> <span class='ocrx_word' id='word_1_386' title='bbox 501 4112 507 4126; x_wconf 94' lang='lat'>.</span> <span class='ocrx_word' id='word_1_387' title='bbox 526 4060 708 4126; x_wconf 84' lang='lat' dir='ltr'>soultlretus</span> <span class='ocrx_word' id='word_1_388' title='bbox 728 4065 761 4124; x_wconf 91' lang='lat' dir='ltr'>et</span> <span class='ocrx_word' id='word_1_389' title='bbox 779 4109 785 4123; x_wconf 94' lang='lat'>.</span> <span class='ocrx_word' id='word_1_390' title='bbox 805 4110 811 4123; x_wconf 93' lang='lat'>.</span> <span class='ocrx_word' id='word_1_391' title='bbox 831 4111 837 4124; x_wconf 97' lang='lat'>.</span> <span class='ocrx_word' id='word_1_392' title='bbox 856 4058 983 4126; x_wconf 89' lang='lat' dir='ltr'>scabini</span> <span class='ocrx_word' id='word_1_393' title='bbox 998 4061 1039 4124; x_wconf 91' lang='lat' dir='ltr'>de</span> <span class='ocrx_word' id='word_1_394' title='bbox 1054 4060 1295 4124; x_wconf 85' lang='lat' dir='ltr'>Fraulrenvord</span> <span class='ocrx_word' id='word_1_395' title='bbox 1312 4061 1354 4124; x_wconf 92' lang='lat' dir='ltr'>ad</span> <span class='ocrx_word' id='word_1_396' title='bbox 1371 4055 1565 4138; x_wconf 91' lang='lat' dir='ltr'>peticionem</span> <span class='ocrx_word' id='word_1_397' title='bbox 1582 4059 1823 4142; x_wconf 89' lang='lat' dir='ltr'>sepedictorum</span> <span class='ocrx_word' id='word_1_398' title='bbox 1838 4059 2045 4144; x_wconf 86' lang='lat' dir='ltr'>Irmegardis,</span> 
     </span>
     <span class='ocr_line' id='line_1_36' title="bbox 399 4163 2049 4251; baseline -0.002 -17"><span class='ocrx_word' id='word_1_399' title='bbox 399 4221 405 4234; x_wconf 91' lang='lat'>.</span> <span class='ocrx_word' id='word_1_400' title='bbox 422 4220 428 4233; x_wconf 92' lang='lat'>.</span> <span class='ocrx_word' id='word_1_401' title='bbox 446 4167 565 4251; x_wconf 90' lang='lat' dir='ltr'>prioris</span> <span class='ocrx_word' id='word_1_402' title='bbox 581 4173 615 4233; x_wconf 91' lang='lat' dir='ltr'>et</span> <span class='ocrx_word' id='word_1_403' title='bbox 631 4173 812 4232; x_wconf 90' lang='lat' dir='ltr'>conventus</span> <span class='ocrx_word' id='word_1_404' title='bbox 828 4165 1075 4232; x_wconf 88' lang='lat' dir='ltr'>Predicatorum</span> <span class='ocrx_word' id='word_1_405' title='bbox 1092 4165 1234 4248; x_wconf 89' lang='lat' dir='ltr'>sigillum</span> <span class='ocrx_word' id='word_1_406' title='bbox 1249 4163 1480 4231; x_wconf 88' lang='lat' dir='ltr'>universitatis</span> <span class='ocrx_word' id='word_1_407' title='bbox 1495 4165 1827 4233; x_wconf 87' lang='lat' dir='ltr'>Frankenvordensis</span> <span class='ocrx_word' id='word_1_408' title='bbox 1843 4167 2049 4250; x_wconf 89' lang='lat' dir='ltr'>presentibus</span> 
     </span>
     <span class='ocr_line' id='line_1_37' title="bbox 398 4250 2048 4355; baseline -0.002 -15"><span class='ocrx_word' id='word_1_409' title='bbox 398 4274 547 4340; x_wconf 86' lang='lat' dir='ltr'>duximus</span> <span class='ocrx_word' id='word_1_410' title='bbox 571 4274 828 4355; x_wconf 89' lang='lat' dir='ltr'>appendendum.</span> <span class='ocrx_word' id='word_1_411' title='bbox 872 4275 991 4338; x_wconf 90' lang='lat' dir='ltr'>Actum</span> <span class='ocrx_word' id='word_1_412' title='bbox 1016 4290 1101 4338; x_wconf 91' lang='lat' dir='ltr'>anno</span> <span class='ocrx_word' id='word_1_413' title='bbox 1127 4250 1469 4352; x_wconf 75' lang='lat' dir='ltr'>dominiri1.cic.l⁰i.,</span> <span class='ocrx_word' id='word_1_414' title='bbox 1494 4269 1580 4338; x_wconf 87' lang='lat' dir='ltr'>leria</span> <span class='ocrx_word' id='word_1_415' title='bbox 1602 4279 1699 4338; x_wconf 85' lang='lat' dir='ltr'>sexta</span> <span class='ocrx_word' id='word_1_416' title='bbox 1721 4280 1800 4340; x_wconf 90' lang='lat' dir='ltr'>ante</span> <span class='ocrx_word' id='word_1_417' title='bbox 1823 4273 1944 4341; x_wconf 78' lang='lat' dir='ltr'>festum</span> <span class='ocrx_word' id='word_1_418' title='bbox 1962 4273 2048 4340; x_wconf 89' lang='lat' dir='ltr'>beati</span> 
     </span>
     <span class='ocr_line' id='line_1_38' title="bbox 398 4379 611 4465; baseline -0.014 -17"><span class='ocrx_word' id='word_1_419' title='bbox 398 4379 611 4465; x_wconf 80' lang='lat' dir='ltr'>Mycbahelis.</span> 
     </span>
    </p>
   </div>
   <div class='ocr_carea' id='block_1_3' title="bbox 612 4493 2052 4832">
    <p class='ocr_par' dir='ltr' id='par_1_3' title="bbox 613 4493 2052 4742">
     <span class='ocr_line' id='line_1_39' title="bbox 613 4493 2049 4565; baseline -0.002 -16"><span class='ocrx_word' id='word_1_420' title='bbox 613 4493 659 4550; x_wconf 85' lang='lat' dir='ltr'>Or.</span> <span class='ocrx_word' id='word_1_421' title='bbox 673 4495 761 4565; x_wconf 82' lang='lat' dir='ltr'>Ppmt.</span> <span class='ocrx_word' id='word_1_422' title='bbox 799 4495 861 4549; x_wconf 83' lang='lat' dir='ltr'>Dos</span> <span class='ocrx_word' id='word_1_423' title='bbox 885 4494 1062 4564; x_wconf 81' lang='lat' dir='ltr'>obbanpcade</span> <span class='ocrx_word' id='word_1_424' title='bbox 1086 4495 1192 4564; x_wconf 80' lang='lat' dir='ltr'>Sicpel¹</span> <span class='ocrx_word' id='word_1_425' title='bbox 1216 4494 1253 4548; x_wconf 80' lang='lat' dir='ltr'>iat</span> <span class='ocrx_word' id='word_1_426' title='bbox 1271 4493 1434 4564; x_wconf 66' lang='lat' dir='ltr'>adpetitam.</span> <span class='ocrx_word' id='word_1_427' title='bbox 1472 4493 1511 4547; x_wconf 79' lang='lat' dir='ltr'>St.</span> <span class='ocrx_word' id='word_1_428' title='bbox 1524 4495 1559 4548; x_wconf 80' lang='grc' dir='ltr'>Α.</span> <span class='ocrx_word' id='word_1_429' title='bbox 1574 4494 1625 4549; x_wconf 85' lang='lat' dir='ltr'>Fr.</span> <span class='ocrx_word' id='word_1_430' title='bbox 1639 4494 1843 4551; x_wconf 77' lang='lat' dir='ltr'>Domim&#39;koaer</span> <span class='ocrx_word' id='word_1_431' title='bbox 1860 4496 1923 4551; x_wconf 73' lang='lat' dir='ltr'>Uele.</span> <span class='ocrx_word' id='word_1_432' title='bbox 1939 4497 1995 4550; x_wconf 86' lang='lat' dir='ltr'>No.</span> <span class='ocrx_word' id='word_1_433' title='bbox 2008 4499 2049 4549; x_wconf 84' lang='lat'>33.</span> 
     </span>
     <span class='ocr_line' id='line_1_40' title="bbox 664 4582 2052 4648; baseline 0 -10"><span class='ocrx_word' id='word_1_434' title='bbox 664 4583 719 4638; x_wconf 83' lang='lat' dir='ltr'>Die</span> <span class='ocrx_word' id='word_1_435' title='bbox 737 4582 842 4648; x_wconf 81' lang='lat' dir='ltr'>Sobrist</span> <span class='ocrx_word' id='word_1_436' title='bbox 867 4583 916 4636; x_wconf 84' lang='lat' dir='ltr'>der</span> <span class='ocrx_word' id='word_1_437' title='bbox 940 4582 1069 4637; x_wconf 62' lang='lat' dir='ltr'>lacunae</span> <span class='ocrx_word' id='word_1_438' title='bbox 1093 4583 1130 4637; x_wconf 82' lang='lat' dir='ltr'>ist</span> <span class='ocrx_word' id='word_1_439' title='bbox 1154 4583 1232 4636; x_wconf 69' lang='lat' dir='ltr'>sturlo</span> <span class='ocrx_word' id='word_1_440' title='bbox 1250 4582 1400 4637; x_wconf 79' lang='lat' dir='ltr'>verblicbcn</span> <span class='ocrx_word' id='word_1_441' title='bbox 1417 4583 1476 4636; x_wconf 81' lang='lat' dir='ltr'>und</span> <span class='ocrx_word' id='word_1_442' title='bbox 1492 4599 1517 4637; x_wconf 73' lang='lat' dir='ltr'>a.</span> <span class='ocrx_word' id='word_1_443' title='bbox 1533 4583 1580 4638; x_wconf 83' lang='lat' dir='ltr'>Tb.</span> <span class='ocrx_word' id='word_1_444' title='bbox 1594 4585 1761 4640; x_wconf 78' lang='lat' dir='ltr'>onleserlict.</span> <span class='ocrx_word' id='word_1_445' title='bbox 1799 4586 1856 4640; x_wconf 81' lang='lat' dir='ltr'>Die</span> <span class='ocrx_word' id='word_1_446' title='bbox 1873 4586 1939 4640; x_wconf 75' lang='lat' dir='ltr'>bttr.</span> <span class='ocrx_word' id='word_1_447' title='bbox 1954 4585 2052 4641; x_wconf 73' lang='lat' dir='ltr'>Stellas</span> 
     </span>
     <span class='ocr_line' id='line_1_41' title="bbox 662 4671 1802 4742; baseline -0.002 -14"><span class='ocrx_word' id='word_1_448' title='bbox 662 4672 727 4728; x_wconf 70' lang='lat' dir='ltr'>aad</span> <span class='ocrx_word' id='word_1_449' title='bbox 745 4677 858 4742; x_wconf 74' lang='lat' dir='ltr'>erpeinet</span> <span class='ocrx_word' id='word_1_450' title='bbox 877 4671 946 4726; x_wconf 73' lang='lat' dir='ltr'>nacla</span> <span class='ocrx_word' id='word_1_451' title='bbox 965 4671 1013 4725; x_wconf 83' lang='lat' dir='ltr'>der</span> <span class='ocrx_word' id='word_1_452' title='bbox 1031 4671 1175 4737; x_wconf 71' lang='lat' dir='ltr'>Abaclrrr&#39;st</span> <span class='ocrx_word' id='word_1_453' title='bbox 1192 4671 1223 4725; x_wconf 85' lang='lat' dir='ltr'>in</span> <span class='ocrx_word' id='word_1_454' title='bbox 1242 4671 1573 4742; x_wconf 63' lang='lat' dir='ltr'>Domitillam-Balciam,</span> <span class='ocrx_word' id='word_1_455' title='bbox 1592 4673 1645 4727; x_wconf 88' lang='lat' dir='ltr'>No.</span> <span class='ocrx_word' id='word_1_456' title='bbox 1659 4673 1703 4741; x_wconf 88' lang='lat' dir='ltr'>H,</span> <span class='ocrx_word' id='word_1_457' title='bbox 1723 4671 1802 4739; x_wconf 60' lang='lat' dir='ltr'>fidi.</span> 
     </span>
    </p>

    <p class='ocr_par' dir='ltr' id='par_1_4' title="bbox 612 4759 1992 4832">
     <span class='ocr_line' id='line_1_42' title="bbox 612 4759 1992 4832; baseline 0.001 -15"><span class='ocrx_word' id='word_1_458' title='bbox 612 4762 711 4817; x_wconf 73' lang='lat' dir='ltr'>(leda.-</span> <span class='ocrx_word' id='word_1_459' title='bbox 728 4760 772 4826; x_wconf 82' lang='lat'>13,</span> <span class='ocrx_word' id='word_1_460' title='bbox 792 4764 845 4815; x_wconf 86' lang='lat'>393</span> <span class='ocrx_word' id='word_1_461' title='bbox 863 4762 933 4815; x_wconf 79' lang='lat' dir='ltr'>noct</span> <span class='ocrx_word' id='word_1_462' title='bbox 954 4760 1094 4829; x_wconf 72' lang='lat' dir='ltr'>,Jacuuim</span> <span class='ocrx_word' id='word_1_463' title='bbox 1113 4759 1170 4813; x_wconf 85' lang='lat' dir='ltr'>Cod</span> <span class='ocrx_word' id='word_1_464' title='bbox 1191 4759 1415 4814; x_wconf 80' lang='lat' dir='ltr'>Probationum‘.</span> <span class='ocrx_word' id='word_1_465' title='bbox 1453 4761 1789 4826; x_wconf 60' lang='lat' dir='ltr'>(memineram-Boea«</span> <span class='ocrx_word' id='word_1_466' title='bbox 1808 4761 1870 4832; x_wconf 72' lang='lat'>160¹,</span> <span class='ocrx_word' id='word_1_467' title='bbox 1887 4761 1918 4817; x_wconf 82' lang='lat' dir='ltr'>S.</span> <span class='ocrx_word' id='word_1_468' title='bbox 1932 4765 1992 4826; x_wconf 73' lang='lat'>40.)</span> 
     </span>
    </p>
   </div>
   <div class='ocr_carea' id='block_1_4' title="bbox 396 5122 2056 5430">
    <p class='ocr_par' dir='ltr' id='par_1_5' title="bbox 396 5122 2056 5430">
     <span class='ocr_line' id='line_1_43' title="bbox 396 5122 2055 5213; baseline -0.005 -14"><span class='ocrx_word' id='word_1_469' title='bbox 396 5122 489 5199; x_wconf 80' lang='grc'><strong>937.</strong></span> <span class='ocrx_word' id='word_1_470' title='bbox 512 5129 584 5196; x_wconf 82' lang='lat' dir='ltr'>Dos</span> <span class='ocrx_word' id='word_1_471' title='bbox 600 5129 733 5196; x_wconf 79' lang='lat' dir='ltr'>Kloctcr·</span> <span class='ocrx_word' id='word_1_472' title='bbox 748 5132 792 5196; x_wconf 79' lang='lat' dir='ltr'>St.</span> <span class='ocrx_word' id='word_1_473' title='bbox 807 5130 915 5196; x_wconf 77' lang='lat' dir='ltr'>Alban</span> <span class='ocrx_word' id='word_1_474' title='bbox 938 5131 985 5194; x_wconf 83' lang='lat' dir='ltr'>bei</span> <span class='ocrx_word' id='word_1_475' title='bbox 1007 5129 1124 5194; x_wconf 70' lang='lat' dir='ltr'>Maiae</span> <span class='ocrx_word' id='word_1_476' title='bbox 1147 5129 1309 5195; x_wconf 66' lang='lat' dir='ltr'>ceraicbtct</span> <span class='ocrx_word' id='word_1_477' title='bbox 1324 5128 1388 5211; x_wconf 78' lang='lat' dir='ltr'>aas</span> <span class='ocrx_word' id='word_1_478' title='bbox 1400 5132 1484 5192; x_wconf 80' lang='lat' dir='ltr'>scine</span> <span class='ocrx_word' id='word_1_479' title='bbox 1499 5149 1597 5213; x_wconf 69' lang='lat' dir='ltr'>peperi</span> <span class='ocrx_word' id='word_1_480' title='bbox 1611 5129 1671 5194; x_wconf 78' lang='lat' dir='ltr'>den</span> <span class='ocrx_word' id='word_1_481' title='bbox 1684 5128 1904 5211; x_wconf 71' lang='lat' dir='ltr'>Fraalafutter</span> <span class='ocrx_word' id='word_1_482' title='bbox 1920 5129 2055 5213; x_wconf 80' lang='lat' dir='ltr'>Biirpcr</span> 
     </span>
     <span class='ocr_line' id='line_1_44' title="bbox 513 5233 2056 5322; baseline -0.004 -19"><span class='ocrx_word' id='word_1_483' title='bbox 513 5239 609 5304; x_wconf 75' lang='lat' dir='ltr'>Horas</span> <span class='ocrx_word' id='word_1_484' title='bbox 644 5261 704 5304; x_wconf 80' lang='lat' dir='ltr'>coa</span> <span class='ocrx_word' id='word_1_485' title='bbox 735 5237 904 5322; x_wconf 72' lang='lat' dir='ltr'>Gloaburp</span> <span class='ocrx_word' id='word_1_486' title='bbox 939 5259 1044 5321; x_wconf 78' lang='lat' dir='ltr'>coepere</span> <span class='ocrx_word' id='word_1_487' title='bbox 1078 5240 1162 5302; x_wconf 83' lang='lat' dir='ltr'>cinca</span> <span class='ocrx_word' id='word_1_488' title='bbox 1194 5236 1415 5301; x_wconf 69' lang='lat' dir='ltr'>Grundrinscs</span> <span class='ocrx_word' id='word_1_489' title='bbox 1449 5235 1514 5318; x_wconf 80' lang='lat' dir='ltr'>aas</span> <span class='ocrx_word' id='word_1_490' title='bbox 1541 5239 1638 5300; x_wconf 67' lang='lat' dir='ltr'>maura</span> <span class='ocrx_word' id='word_1_491' title='bbox 1670 5235 1767 5302; x_wconf 76' lang='lat' dir='ltr'>Hares</span> <span class='ocrx_word' id='word_1_492' title='bbox 1802 5241 1835 5301; x_wconf 82' lang='lat' dir='ltr'>ia</span> <span class='ocrx_word' id='word_1_493' title='bbox 1860 5233 2056 5317; x_wconf 71' lang='lat' dir='ltr'>Fronkfort</span> 
     </span>
     <span class='ocr_line' id='line_1_45' title="bbox 512 5345 1147 5430; baseline -0.003 -20"><span class='ocrx_word' id='word_1_494' title='bbox 512 5346 660 5411; x_wconf 73' lang='lat' dir='ltr'>oboleno</span> <span class='ocrx_word' id='word_1_495' title='bbox 683 5345 802 5430; x_wconf 79' lang='lat' dir='ltr'>Klape.</span> <span class='ocrx_word' id='word_1_496' title='bbox 851 5351 937 5410; x_wconf 82' lang='lat'><strong><em>1310</em></strong></span> <span class='ocrx_word' id='word_1_497' title='bbox 964 5345 1092 5412; x_wconf 79' lang='lat' dir='ltr'>October</span> <span class='ocrx_word' id='word_1_498' title='bbox 1118 5351 1147 5409; x_wconf 90' lang='lat'>1.</span> 
     </span>
    </p>
   </div>
   <div class='ocr_carea' id='block_1_5' title="bbox 663 5537 1089 5590">
    <p class='ocr_par' dir='ltr' id='par_1_6' title="bbox 663 5537 1089 5590">
     <span class='ocr_line' id='line_1_46' title="bbox 663 5537 1089 5590; baseline -0.009 -9"><span class='ocrx_word' id='word_1_499' title='bbox 663 5545 688 5590; x_wconf 82' lang='lat' dir='ltr'>a)</span> <span class='ocrx_word' id='word_1_500' title='bbox 705 5537 762 5581; x_wconf 74' lang='lat' dir='ltr'>On:</span> <span class='ocrx_word' id='word_1_501' title='bbox 776 5539 854 5590; x_wconf 59' lang='lat' dir='ltr'>,ruet</span> <span class='ocrx_word' id='word_1_502' title='bbox 884 5537 909 5590; x_wconf 89' lang='lat' dir='ltr'>b)</span> <span class='ocrx_word' id='word_1_503' title='bbox 925 5537 983 5581; x_wconf 72' lang='lat' dir='ltr'>On:</span> <span class='ocrx_word' id='word_1_504' title='bbox 998 5541 1089 5588; x_wconf 64' lang='lat' dir='ltr'>,reret</span> 
     </span>
    </p>
   </div>
   <div class='ocr_carea' id='block_1_6' title="bbox 397 5697 1198 5857">
    <p class='ocr_par' dir='ltr' id='par_1_7' title="bbox 397 5697 1198 5857">
     <span class='ocr_line' id='line_1_47' title="bbox 453 5697 1198 5770; baseline -0.005 -14"><span class='ocrx_word' id='word_1_505' title='bbox 453 5701 560 5756; x_wconf 78' lang='lat' dir='ltr'>¹Naclt</span> <span class='ocrx_word' id='word_1_506' title='bbox 584 5701 720 5770; x_wconf 77' lang='lat' dir='ltr'>Jaeqaia,</span> <span class='ocrx_word' id='word_1_507' title='bbox 750 5701 813 5756; x_wconf 73' lang='lat' dir='ltr'>(aa</span> <span class='ocrx_word' id='word_1_508' title='bbox 838 5701 969 5756; x_wconf 64' lang='lat' dir='ltr'>stabat:</span> <span class='ocrx_word' id='word_1_509' title='bbox 998 5697 1136 5768; x_wconf 79' lang='lat' dir='ltr'>,sigillum</span> <span class='ocrx_word' id='word_1_510' title='bbox 1165 5698 1198 5752; x_wconf 84' lang='lat' dir='ltr'>dc</span> 
     </span>
     <span class='ocr_line' id='line_1_48' title="bbox 397 5788 1038 5857; baseline 0.002 -15"><span class='ocrx_word' id='word_1_511' title='bbox 397 5802 460 5843; x_wconf 86' lang='lat' dir='ltr'>cera</span> <span class='ocrx_word' id='word_1_512' title='bbox 478 5788 561 5843; x_wconf 89' lang='lat' dir='ltr'>rubra</span> <span class='ocrx_word' id='word_1_513' title='bbox 580 5805 639 5843; x_wconf 91' lang='lat' dir='ltr'>cum</span> <span class='ocrx_word' id='word_1_514' title='bbox 659 5789 911 5857; x_wconf 86' lang='lat' dir='ltr'>circumscriptione</span> <span class='ocrx_word' id='word_1_515' title='bbox 929 5789 1038 5844; x_wconf 82' lang='lat' dir='ltr'>acllta“.</span> 
     </span>
    </p>
   </div>
   <div class='ocr_carea' id='block_1_7' title="bbox 0 0 2207 6384">
    <p class='ocr_par' dir='ltr' id='par_1_8' title="bbox 0 0 2207 6384">
     <span class='ocr_line' id='line_1_49' title="bbox 0 0 2207 6384; baseline 0 0"><span class='ocrx_word' id='word_1_516' title='bbox 0 0 2207 6384; x_wconf 95' lang='lat' dir='ltr'> </span> 
     </span>
    </p>
   </div>
  </div>
 </body>
</html>
