<?xml version="1.0" encoding="UTF-8"?>
<!DOCTYPE html PUBLIC "-//W3C//DTD XHTML 1.0 Transitional//EN"
    "http://www.w3.org/TR/xhtml1/DTD/xhtml1-transitional.dtd">
<html xmlns="http://www.w3.org/1999/xhtml" xml:lang="en" lang="en">
 <head>
  <title>
</title>
<meta http-equiv="Content-Type" content="text/html;charset=utf-8" />
  <meta name='ocr-system' content='tesseract 3.04.00' />
  <meta name='ocr-capabilities' content='ocr_page ocr_carea ocr_par ocr_line ocrx_word'/>
</head>
<body>
  <div class='ocr_page' id='page_1' title='image "./codexdiplomatic00nathgoog_0197.png"; bbox 0 0 4400 6384; ppageno 0'>
   <div class='ocr_carea' id='block_1_1' title="bbox 724 336 1843 411">
    <p class='ocr_par' dir='ltr' id='par_1_1' title="bbox 724 336 1843 411">
     <span class='ocr_line' id='line_1_1' title="bbox 724 336 1843 411; baseline 0.009 -20"><span class='ocrx_word' id='word_1_1' title='bbox 724 337 793 391; x_wconf 78' lang='lat'>1276</span> <span class='ocrx_word' id='word_1_2' title='bbox 814 338 923 407; x_wconf 78' lang='lat' dir='ltr'>August</span> <span class='ocrx_word' id='word_1_3' title='bbox 942 336 975 391; x_wconf 80' lang='lat'>27</span> <span class='ocrx_word' id='word_1_4' title='bbox 996 367 1028 375; x_wconf 95' lang='lat'><em>-</em></span> <span class='ocrx_word' id='word_1_5' title='bbox 1050 336 1119 391; x_wconf 79' lang='lat'>1276</span> <span class='ocrx_word' id='word_1_6' title='bbox 1142 339 1252 406; x_wconf 78' lang='lat' dir='ltr'>August</span> <span class='ocrx_word' id='word_1_7' title='bbox 1270 336 1312 391; x_wconf 83' lang='lat'>29.</span> <span class='ocrx_word' id='word_1_8' title='bbox 1781 345 1843 411; x_wconf 88' lang='lat'>181</span> 
     </span>
    </p>
   </div>
   <div class='ocr_carea' id='block_1_2' title="bbox 187 532 1847 1139">
    <p class='ocr_par' dir='ltr' id='par_1_2' title="bbox 187 532 1847 1139">
     <span class='ocr_line' id='line_1_2' title="bbox 187 532 1846 620; baseline 0.002 -17"><span class='ocrx_word' id='word_1_9' title='bbox 187 536 323 604; x_wconf 87' lang='lat' dir='ltr'>solutos.</span> <span class='ocrx_word' id='word_1_10' title='bbox 364 534 417 602; x_wconf 89' lang='lat' dir='ltr'>Sic</span> <span class='ocrx_word' id='word_1_11' title='bbox 441 542 561 618; x_wconf 91' lang='lat' dir='ltr'>tamen,</span> <span class='ocrx_word' id='word_1_12' title='bbox 586 537 673 617; x_wconf 90' lang='lat' dir='ltr'>quod</span> <span class='ocrx_word' id='word_1_13' title='bbox 696 534 729 601; x_wconf 93' lang='lat' dir='ltr'>in</span> <span class='ocrx_word' id='word_1_14' title='bbox 753 554 840 602; x_wconf 92' lang='lat' dir='ltr'>nunc</span> <span class='ocrx_word' id='word_1_15' title='bbox 862 533 1009 601; x_wconf 79' lang='lat' dir='ltr'><strong>instante</strong></span> <span class='ocrx_word' id='word_1_16' title='bbox 1032 532 1119 601; x_wconf 88' lang='lat' dir='ltr'>festo</span> <span class='ocrx_word' id='word_1_17' title='bbox 1136 534 1323 601; x_wconf 74' lang='lat' dir='ltr'>nativitatis</span> <span class='ocrx_word' id='word_1_18' title='bbox 1339 534 1498 603; x_wconf 91' lang='lat' dir='ltr'>dominice</span> <span class='ocrx_word' id='word_1_19' title='bbox 1514 537 1662 620; x_wconf 92' lang='lat' dir='ltr'>predicto</span> <span class='ocrx_word' id='word_1_20' title='bbox 1679 544 1846 606; x_wconf 84' lang='lat' dir='ltr'>trecentos</span> 
     </span>
     <span class='ocr_line' id='line_1_3' title="bbox 187 640 1846 725; baseline 0.001 -14"><span class='ocrx_word' id='word_1_21' title='bbox 187 663 318 711; x_wconf 89' lang='lat' dir='ltr'>marcas</span> <span class='ocrx_word' id='word_1_22' title='bbox 348 648 383 709; x_wconf 91' lang='lat' dir='ltr'>et</span> <span class='ocrx_word' id='word_1_23' title='bbox 413 642 531 710; x_wconf 90' lang='lat' dir='ltr'>abinde</span> <span class='ocrx_word' id='word_1_24' title='bbox 562 644 605 708; x_wconf 90' lang='lat' dir='ltr'>ad</span> <span class='ocrx_word' id='word_1_25' title='bbox 636 660 756 709; x_wconf 89' lang='lat' dir='ltr'>annum</span> <span class='ocrx_word' id='word_1_26' title='bbox 787 646 954 709; x_wconf 89' lang='lat' dir='ltr'>trecentas</span> <span class='ocrx_word' id='word_1_27' title='bbox 985 660 1115 709; x_wconf 80' lang='lat' dir='ltr'>marcas</span> <span class='ocrx_word' id='word_1_28' title='bbox 1139 648 1173 708; x_wconf 93' lang='lat' dir='ltr'>et</span> <span class='ocrx_word' id='word_1_29' title='bbox 1196 640 1299 709; x_wconf 91' lang='lat' dir='ltr'>tercio</span> <span class='ocrx_word' id='word_1_30' title='bbox 1323 644 1542 725; x_wconf 83' lang='lat' dir='ltr'>subsequente</span> <span class='ocrx_word' id='word_1_31' title='bbox 1567 664 1653 711; x_wconf 90' lang='lat' dir='ltr'>anno</span> <span class='ocrx_word' id='word_1_32' title='bbox 1677 652 1846 713; x_wconf 87' lang='lat' dir='ltr'>trecentas</span> 
     </span>
     <span class='ocr_line' id='line_1_4' title="bbox 187 748 1846 836; baseline 0.001 -18"><span class='ocrx_word' id='word_1_33' title='bbox 187 770 318 818; x_wconf 90' lang='lat' dir='ltr'>marcas</span> <span class='ocrx_word' id='word_1_34' title='bbox 335 750 573 817; x_wconf 59' lang='lat' dir='ltr'>(boloniensium</span> <span class='ocrx_word' id='word_1_35' title='bbox 596 748 803 816; x_wconf 91' lang='lat' dir='ltr'>denariorum</span> <span class='ocrx_word' id='word_1_36' title='bbox 827 748 996 816; x_wconf 85' lang='lat' dir='ltr'>exsolvere</span> <span class='ocrx_word' id='word_1_37' title='bbox 1020 753 1206 815; x_wconf 90' lang='lat' dir='ltr'>teneantur.</span> <span class='ocrx_word' id='word_1_38' title='bbox 1245 748 1284 814; x_wconf 89' lang='lat' dir='ltr'>In</span> <span class='ocrx_word' id='word_1_39' title='bbox 1301 749 1393 816; x_wconf 89' lang='lat' dir='ltr'>cuius</span> <span class='ocrx_word' id='word_1_40' title='bbox 1409 749 1457 816; x_wconf 91' lang='lat' dir='ltr'>rei</span> <span class='ocrx_word' id='word_1_41' title='bbox 1474 751 1693 819; x_wconf 89' lang='lat' dir='ltr'>testimonium</span> <span class='ocrx_word' id='word_1_42' title='bbox 1710 773 1846 836; x_wconf 84' lang='lat' dir='ltr'>presens</span> 
     </span>
     <span class='ocr_line' id='line_1_5' title="bbox 188 842 1844 957; baseline 0.001 -32"><span class='ocrx_word' id='word_1_43' title='bbox 188 858 347 941; x_wconf 86' lang='lat' dir='ltr'>scriptum</span> <span class='ocrx_word' id='word_1_44' title='bbox 381 855 566 923; x_wconf 88' lang='lat' dir='ltr'>maiestatis</span> <span class='ocrx_word' id='word_1_45' title='bbox 599 861 711 922; x_wconf 90' lang='lat' dir='ltr'>nostre</span> <span class='ocrx_word' id='word_1_46' title='bbox 745 855 870 957; x_wconf 64' lang='lat' dir='ltr'>sigilloa</span> <span class='ocrx_word' id='word_1_47' title='bbox 886 854 1035 921; x_wconf 86' lang='lat' dir='ltr'>duximus</span> <span class='ocrx_word' id='word_1_48' title='bbox 1074 856 1303 921; x_wconf 87' lang='lat' dir='ltr'>roborandum.</span> <span class='ocrx_word' id='word_1_49' title='bbox 1376 857 1498 923; x_wconf 81' lang='lat' dir='ltr'>Datum</span> <span class='ocrx_word' id='word_1_50' title='bbox 1530 859 1729 941; x_wconf 89' lang='lat' dir='ltr'>Wormacie,</span> <span class='ocrx_word' id='word_1_51' title='bbox 1772 842 1844 927; x_wconf 67' lang='lat' dir='ltr'>Xis.</span> 
     </span>
     <span class='ocr_line' id='line_1_6' title="bbox 187 960 1847 1051; baseline 0.001 -19"><span class='ocrx_word' id='word_1_52' title='bbox 187 967 349 1032; x_wconf 80' lang='lat' dir='ltr'>kalendas</span> <span class='ocrx_word' id='word_1_53' title='bbox 377 962 581 1046; x_wconf 81' lang='lat' dir='ltr'>septembrio,</span> <span class='ocrx_word' id='word_1_54' title='bbox 609 962 786 1030; x_wconf 83' lang='lat' dir='ltr'>indictione</span> <span class='ocrx_word' id='word_1_55' title='bbox 815 962 907 1043; x_wconf 79' lang='lat'>1111,</span> <span class='ocrx_word' id='word_1_56' title='bbox 933 980 1018 1027; x_wconf 90' lang='lat' dir='ltr'>anno</span> <span class='ocrx_word' id='word_1_57' title='bbox 1050 960 1171 1027; x_wconf 93' lang='lat' dir='ltr'>domini</span> <span class='ocrx_word' id='word_1_58' title='bbox 1201 962 1241 1027; x_wconf 80' lang='lat' dir='ltr'>rb.</span> <span class='ocrx_word' id='word_1_59' title='bbox 1264 982 1311 1027; x_wconf 91' lang='lat' dir='ltr'>cc.</span> <span class='ocrx_word' id='word_1_60' title='bbox 1333 963 1575 1049; x_wconf 79' lang='lat' dir='ltr'>septuagesimo</span> <span class='ocrx_word' id='word_1_61' title='bbox 1611 973 1720 1049; x_wconf 84' lang='lat' dir='ltr'>sexto,</span> <span class='ocrx_word' id='word_1_62' title='bbox 1752 969 1847 1051; x_wconf 81' lang='lat' dir='ltr'>regni</span> 
     </span>
     <span class='ocr_line' id='line_1_7' title="bbox 187 1069 728 1139; baseline -0.006 0"><span class='ocrx_word' id='word_1_63' title='bbox 187 1093 266 1139; x_wconf 85' lang='lat' dir='ltr'>vero</span> <span class='ocrx_word' id='word_1_64' title='bbox 291 1070 396 1139; x_wconf 86' lang='lat' dir='ltr'>nostri</span> <span class='ocrx_word' id='word_1_65' title='bbox 420 1090 505 1137; x_wconf 89' lang='lat' dir='ltr'>anno</span> <span class='ocrx_word' id='word_1_66' title='bbox 531 1069 643 1137; x_wconf 88' lang='lat' dir='ltr'>tercio.</span> <span class='ocrx_word' id='word_1_67' title='bbox 727 1077 728 1080; x_wconf 76' lang='grc'>’</span> 
     </span>
    </p>
   </div>
   <div class='ocr_carea' id='block_1_3' title="bbox 401 1210 1846 1549">
    <p class='ocr_par' dir='ltr' id='par_1_3' title="bbox 401 1210 1846 1355">
     <span class='ocr_line' id='line_1_8' title="bbox 401 1210 1846 1283; baseline 0.002 -15"><span class='ocrx_word' id='word_1_68' title='bbox 401 1212 544 1279; x_wconf 76' lang='lat' dir='ltr'>Abscdrist</span> <span class='ocrx_word' id='word_1_69' title='bbox 562 1212 600 1266; x_wconf 85' lang='lat' dir='ltr'>im</span> <span class='ocrx_word' id='word_1_70' title='bbox 618 1212 700 1267; x_wconf 78' lang='lat' dir='ltr'>uodo.</span> <span class='ocrx_word' id='word_1_71' title='bbox 714 1212 845 1283; x_wconf 77' lang='lat' dir='ltr'>Kopisib.</span> <span class='ocrx_word' id='word_1_72' title='bbox 859 1211 897 1265; x_wconf 88' lang='lat' dir='ltr'>II</span> <span class='ocrx_word' id='word_1_73' title='bbox 914 1210 966 1267; x_wconf 88' lang='lat' dir='ltr'>No.</span> <span class='ocrx_word' id='word_1_74' title='bbox 982 1212 1016 1264; x_wconf 84' lang='lat'>15</span> <span class='ocrx_word' id='word_1_75' title='bbox 1030 1210 1089 1278; x_wconf 80' lang='lat' dir='ltr'>(A),</span> <span class='ocrx_word' id='word_1_76' title='bbox 1107 1210 1215 1265; x_wconf 79' lang='lat' dir='ltr'>donarit</span> <span class='ocrx_word' id='word_1_77' title='bbox 1233 1210 1282 1265; x_wconf 77' lang='lat' dir='ltr'>der</span> <span class='ocrx_word' id='word_1_78' title='bbox 1300 1212 1404 1280; x_wconf 75' lang='lat' dir='ltr'>Druck,</span> <span class='ocrx_word' id='word_1_79' title='bbox 1419 1212 1477 1266; x_wconf 81' lang='lat' dir='ltr'>und</span> <span class='ocrx_word' id='word_1_80' title='bbox 1494 1212 1626 1283; x_wconf 77' lang='lat' dir='ltr'>Kopioib.</span> <span class='ocrx_word' id='word_1_81' title='bbox 1641 1215 1661 1269; x_wconf 85' lang='grc' dir='ltr'><strong><em>Ι</em></strong></span> <span class='ocrx_word' id='word_1_82' title='bbox 1677 1214 1730 1269; x_wconf 90' lang='lat' dir='ltr'>No.</span> <span class='ocrx_word' id='word_1_83' title='bbox 1740 1219 1775 1270; x_wconf 82' lang='lat'>12</span> <span class='ocrx_word' id='word_1_84' title='bbox 1787 1217 1846 1283; x_wconf 90' lang='lat' dir='ltr'><em>(B).</em></span> 
     </span>
     <span class='ocr_line' id='line_1_9' title="bbox 404 1301 559 1355; baseline 0.013 -2"><span class='ocrx_word' id='word_1_85' title='bbox 404 1301 443 1355; x_wconf 91' lang='lat' dir='ltr'>S.</span> <span class='ocrx_word' id='word_1_86' title='bbox 486 1344 491 1355; x_wconf 90' lang='lat'><em>.</em></span> <span class='ocrx_word' id='word_1_87' title='bbox 555 1344 559 1355; x_wconf 93' lang='lat'><em>.</em></span> 
     </span>
    </p>

    <p class='ocr_par' dir='ltr' id='par_1_4' title="bbox 404 1302 1398 1459">
     <span class='ocr_line' id='line_1_10' title="bbox 404 1302 1398 1459; baseline -0.004 -11"><span class='ocrx_word' id='word_1_88' title='bbox 404 1302 655 1459; x_wconf 43' lang='lat' dir='ltr'>Otcdttssirbard,</span> <span class='ocrx_word' id='word_1_89' title='bbox 674 1390 784 1459; x_wconf 74' lang='lat' dir='ltr'>Archiv,</span> <span class='ocrx_word' id='word_1_90' title='bbox 803 1390 847 1459; x_wconf 89' lang='lat' dir='ltr'>II,</span> <span class='ocrx_word' id='word_1_91' title='bbox 867 1392 920 1445; x_wconf 89' lang='grc'>103</span> <span class='ocrx_word' id='word_1_92' title='bbox 941 1405 989 1458; x_wconf 85' lang='lat' dir='ltr'>,ox</span> <span class='ocrx_word' id='word_1_93' title='bbox 1008 1390 1113 1458; x_wconf 84' lang='lat' dir='ltr'>copia&#39;‘,</span> <span class='ocrx_word' id='word_1_94' title='bbox 1142 1390 1185 1459; x_wconf 86' lang='lat' dir='ltr'>B,</span> <span class='ocrx_word' id='word_1_95' title='bbox 1206 1392 1257 1444; x_wconf 89' lang='grc'>179</span> <span class='ocrx_word' id='word_1_96' title='bbox 1275 1390 1345 1444; x_wconf 74' lang='lat' dir='ltr'>norb</span> <span class='ocrx_word' id='word_1_97' title='bbox 1364 1391 1398 1445; x_wconf 83' lang='grc' dir='ltr'>Δ.</span> 
     </span>
    </p>

    <p class='ocr_par' dir='ltr' id='par_1_5' title="bbox 408 1480 1053 1549">
     <span class='ocr_line' id='line_1_11' title="bbox 408 1480 1053 1549; baseline -0.003 -14"><span class='ocrx_word' id='word_1_98' title='bbox 408 1481 501 1535; x_wconf 68' lang='lat' dir='ltr'>Vere:</span> <span class='ocrx_word' id='word_1_99' title='bbox 517 1480 601 1535; x_wconf 85' lang='lat' dir='ltr'><em>B.·R.</em></span> <span class='ocrx_word' id='word_1_100' title='bbox 615 1480 668 1533; x_wconf 88' lang='lat' dir='ltr'>No.</span> <span class='ocrx_word' id='word_1_101' title='bbox 682 1482 743 1546; x_wconf 81' lang='grc'>587,</span> <span class='ocrx_word' id='word_1_102' title='bbox 763 1480 814 1534; x_wconf 79' lang='lat' dir='ltr'>Fr.</span> <span class='ocrx_word' id='word_1_103' title='bbox 828 1480 898 1549; x_wconf 75' lang='lat' dir='ltr'>Ino,</span> <span class='ocrx_word' id='word_1_104' title='bbox 912 1480 974 1548; x_wconf 83' lang='lat' dir='ltr'>m,</span> <span class='ocrx_word' id='word_1_105' title='bbox 995 1483 1053 1534; x_wconf 80' lang='grc'><em>116.</em></span> 
     </span>
    </p>
   </div>
   <div class='ocr_carea' id='block_1_4' title="bbox 189 1787 1848 2095">
    <p class='ocr_par' dir='ltr' id='par_1_6' title="bbox 189 1787 1848 2095">
     <span class='ocr_line' id='line_1_12' title="bbox 189 1787 1848 1880; baseline -0.001 -15"><span class='ocrx_word' id='word_1_106' title='bbox 189 1787 282 1865; x_wconf 83' lang='grc'>372.</span> <span class='ocrx_word' id='word_1_107' title='bbox 306 1792 417 1880; x_wconf 78' lang='lat' dir='ltr'>Kdniq</span> <span class='ocrx_word' id='word_1_108' title='bbox 441 1792 570 1876; x_wconf 72' lang='lat' dir='ltr'>liudolf</span> <span class='ocrx_word' id='word_1_109' title='bbox 589 1794 765 1878; x_wconf 76' lang='lat' dir='ltr'>penwbrniqt</span> <span class='ocrx_word' id='word_1_110' title='bbox 788 1794 847 1858; x_wconf 82' lang='lat' dir='ltr'>don</span> <span class='ocrx_word' id='word_1_111' title='bbox 865 1793 1011 1874; x_wconf 77' lang='lat' dir='ltr'>Venimus</span> <span class='ocrx_word' id='word_1_112' title='bbox 1032 1794 1264 1858; x_wconf 78' lang='lat' dir='ltr'>rersrbiodener</span> <span class='ocrx_word' id='word_1_113' title='bbox 1286 1794 1554 1860; x_wconf 71' lang='lat' dir='ltr'>reunstetaoaro·</span> <span class='ocrx_word' id='word_1_114' title='bbox 1578 1795 1688 1876; x_wconf 72' lang='lat' dir='ltr'>door,</span> <span class='ocrx_word' id='word_1_115' title='bbox 1712 1799 1848 1863; x_wconf 77' lang='lat' dir='ltr'>ndmiird</span> 
     </span>
     <span class='ocr_line' id='line_1_13' title="bbox 306 1900 1846 1983; baseline 0.001 -15"><span class='ocrx_word' id='word_1_116' title='bbox 306 1908 389 1969; x_wconf 82' lang='lat' dir='ltr'>eines</span> <span class='ocrx_word' id='word_1_117' title='bbox 412 1905 587 1967; x_wconf 77' lang='lat' dir='ltr'>stoinmnen</span> <span class='ocrx_word' id='word_1_118' title='bbox 610 1900 750 1981; x_wconf 71' lang='lat' dir='ltr'>Honores,</span> <span class='ocrx_word' id='word_1_119' title='bbox 775 1905 859 1967; x_wconf 81' lang='lat' dir='ltr'>einos</span> <span class='ocrx_word' id='word_1_120' title='bbox 883 1901 987 1983; x_wconf 77' lang='lat' dir='ltr'>Hofes</span> <span class='ocrx_word' id='word_1_121' title='bbox 1010 1901 1076 1965; x_wconf 77' lang='lat' dir='ltr'>rami</span> <span class='ocrx_word' id='word_1_122' title='bbox 1095 1900 1233 1965; x_wconf 77' lang='lat' dir='ltr'>Gortons</span> <span class='ocrx_word' id='word_1_123' title='bbox 1256 1904 1290 1964; x_wconf 86' lang='lat' dir='ltr'>in</span> <span class='ocrx_word' id='word_1_124' title='bbox 1306 1901 1568 1968; x_wconf 66' lang='lat' dir='ltr'>sceleratorem</span> <span class='ocrx_word' id='word_1_125' title='bbox 1591 1925 1650 1968; x_wconf 84' lang='lat' dir='ltr'>ron</span> <span class='ocrx_word' id='word_1_126' title='bbox 1665 1905 1769 1970; x_wconf 79' lang='lat' dir='ltr'>Seiten</span> <span class='ocrx_word' id='word_1_127' title='bbox 1791 1906 1846 1970; x_wconf 82' lang='lat' dir='ltr'>des</span> 
     </span>
     <span class='ocr_line' id='line_1_14' title="bbox 306 2006 1847 2095; baseline 0.002 -21"><span class='ocrx_word' id='word_1_128' title='bbox 306 2010 426 2075; x_wconf 72' lang='lat' dir='ltr'>Ridens</span> <span class='ocrx_word' id='word_1_129' title='bbox 438 2008 602 2073; x_wconf 74' lang='lat' dir='ltr'>Hortnoud</span> <span class='ocrx_word' id='word_1_130' title='bbox 613 2030 672 2073; x_wconf 85' lang='lat' dir='ltr'>ooo</span> <span class='ocrx_word' id='word_1_131' title='bbox 684 2009 945 2073; x_wconf 78' lang='lat' dir='ltr'>Sorbecnbooscn</span> <span class='ocrx_word' id='word_1_132' title='bbox 956 2029 1000 2073; x_wconf 88' lang='lat' dir='ltr'>on</span> <span class='ocrx_word' id='word_1_133' title='bbox 1011 2008 1071 2073; x_wconf 83' lang='lat' dir='ltr'>den</span> <span class='ocrx_word' id='word_1_134' title='bbox 1083 2006 1330 2073; x_wconf 77' lang='lat' dir='ltr'>Docrtscbordrn.</span> <span class='ocrx_word' id='word_1_135' title='bbox 1359 2009 1542 2094; x_wconf 61' lang='lat' dir='ltr'>bbirnberp,</span> <span class='ocrx_word' id='word_1_136' title='bbox 1556 2016 1644 2076; x_wconf 80' lang='lat'><em>1276</em></span> <span class='ocrx_word' id='word_1_137' title='bbox 1655 2012 1785 2095; x_wconf 80' lang='lat' dir='ltr'>Auqnst</span> <span class='ocrx_word' id='word_1_138' title='bbox 1793 2017 1847 2077; x_wconf 81' lang='lat'>27.</span> 
     </span>
    </p>
   </div>
   <div class='ocr_carea' id='block_1_5' title="bbox 191 2150 1853 3522">
    <p class='ocr_par' dir='ltr' id='par_1_7' title="bbox 191 2150 1853 3522">
     <span class='ocr_line' id='line_1_15' title="bbox 299 2150 1850 2235; baseline 0.002 -17"><span class='ocrx_word' id='word_1_139' title='bbox 299 2151 462 2219; x_wconf 84' lang='lat' dir='ltr'>Rudolfus</span> <span class='ocrx_word' id='word_1_140' title='bbox 493 2151 544 2218; x_wconf 92' lang='lat' dir='ltr'>dei</span> <span class='ocrx_word' id='word_1_141' title='bbox 574 2150 687 2235; x_wconf 82' lang='lat' dir='ltr'>gracie</span> <span class='ocrx_word' id='word_1_142' title='bbox 709 2151 930 2218; x_wconf 80' lang='lat' dir='ltr'>Romanorum</span> <span class='ocrx_word' id='word_1_143' title='bbox 962 2170 1030 2234; x_wconf 82' lang='lat' dir='ltr'>rex,</span> <span class='ocrx_word' id='word_1_144' title='bbox 1062 2170 1191 2233; x_wconf 84' lang='lat' dir='ltr'>semper</span> <span class='ocrx_word' id='word_1_145' title='bbox 1218 2156 1389 2235; x_wconf 78' lang='lat' dir='ltr'>augustus.</span> <span class='ocrx_word' id='word_1_146' title='bbox 1436 2154 1489 2219; x_wconf 84' lang='lat' dir='ltr'>Ad</span> <span class='ocrx_word' id='word_1_147' title='bbox 1512 2152 1738 2221; x_wconf 85' lang='lat' dir='ltr'>universorum</span> <span class='ocrx_word' id='word_1_148' title='bbox 1762 2154 1850 2221; x_wconf 89' lang='lat' dir='ltr'>sacri</span> 
     </span>
     <span class='ocr_line' id='line_1_16' title="bbox 191 2256 1849 2343; baseline 0 -14"><span class='ocrx_word' id='word_1_149' title='bbox 191 2260 333 2329; x_wconf 88' lang='lat' dir='ltr'>Romani</span> <span class='ocrx_word' id='word_1_150' title='bbox 354 2258 482 2342; x_wconf 90' lang='lat' dir='ltr'>imperii</span> <span class='ocrx_word' id='word_1_151' title='bbox 497 2256 521 2331; x_wconf 78' lang='lat' dir='ltr'>d</span> <span class='ocrx_word' id='word_1_152' title='bbox 535 2258 676 2326; x_wconf 89' lang='lat' dir='ltr'>fidelium</span> <span class='ocrx_word' id='word_1_153' title='bbox 700 2257 854 2325; x_wconf 75' lang='lat' dir='ltr'>noticiam</span> <span class='ocrx_word' id='word_1_154' title='bbox 871 2256 1018 2341; x_wconf 88' lang='lat' dir='ltr'>cupimus</span> <span class='ocrx_word' id='word_1_155' title='bbox 1035 2256 1217 2340; x_wconf 89' lang='lat' dir='ltr'>pervenire,</span> <span class='ocrx_word' id='word_1_156' title='bbox 1243 2261 1328 2339; x_wconf 90' lang='lat' dir='ltr'>quod</span> <span class='ocrx_word' id='word_1_157' title='bbox 1344 2278 1404 2325; x_wconf 86' lang='lat' dir='ltr'>nos</span> <span class='ocrx_word' id='word_1_158' title='bbox 1420 2258 1592 2342; x_wconf 82' lang='lat' dir='ltr'>religiosos</span> <span class='ocrx_word' id='word_1_159' title='bbox 1607 2260 1707 2343; x_wconf 76' lang='lat' dir='ltr'>viros</span> <span class='ocrx_word' id='word_1_160' title='bbox 1726 2260 1849 2329; x_wconf 81' lang='lat' dir='ltr'>iratres</span> 
     </span>
     <span class='ocr_line' id='line_1_17' title="bbox 191 2346 1848 2460; baseline -0.001 -25"><span class='ocrx_word' id='word_1_161' title='bbox 191 2373 306 2435; x_wconf 89' lang='lat' dir='ltr'>domus</span> <span class='ocrx_word' id='word_1_162' title='bbox 336 2364 548 2447; x_wconf 80' lang='lat' dir='ltr'>Theutonice,</span> <span class='ocrx_word' id='word_1_163' title='bbox 585 2346 720 2448; x_wconf 71' lang='lat' dir='ltr'>ubique&#39;</span> <span class='ocrx_word' id='word_1_164' title='bbox 741 2363 916 2460; x_wconf 70' lang='lat' dir='ltr'>lotlcorum</span> <span class='ocrx_word' id='word_1_165' title='bbox 954 2383 1049 2431; x_wconf 89' lang='lat' dir='ltr'>sacro</span> <span class='ocrx_word' id='word_1_166' title='bbox 1085 2366 1234 2432; x_wconf 90' lang='lat' dir='ltr'>Romano</span> <span class='ocrx_word' id='word_1_167' title='bbox 1270 2364 1407 2448; x_wconf 91' lang='lat' dir='ltr'>imperio</span> <span class='ocrx_word' id='word_1_168' title='bbox 1443 2365 1584 2433; x_wconf 89' lang='lat' dir='ltr'>fideliter</span> <span class='ocrx_word' id='word_1_169' title='bbox 1620 2369 1848 2451; x_wconf 75' lang='lat' dir='ltr'>obsequenter,</span> 
     </span>
     <span class='ocr_line' id='line_1_18' title="bbox 192 2470 1850 2558; baseline -0.001 -16"><span class='ocrx_word' id='word_1_170' title='bbox 192 2476 309 2545; x_wconf 84' lang='lat' dir='ltr'>iavore</span> <span class='ocrx_word' id='word_1_171' title='bbox 341 2474 394 2556; x_wconf 90' lang='lat' dir='ltr'>pio</span> <span class='ocrx_word' id='word_1_172' title='bbox 427 2472 663 2556; x_wconf 82' lang='lat' dir='ltr'>prosequimur,</span> <span class='ocrx_word' id='word_1_173' title='bbox 702 2478 737 2539; x_wconf 87' lang='lat' dir='ltr'>et</span> <span class='ocrx_word' id='word_1_174' title='bbox 769 2490 879 2539; x_wconf 90' lang='lat' dir='ltr'>eorum</span> <span class='ocrx_word' id='word_1_175' title='bbox 912 2470 1084 2539; x_wconf 87' lang='lat' dir='ltr'>desideriis</span> <span class='ocrx_word' id='word_1_176' title='bbox 1113 2470 1220 2553; x_wconf 71' lang='lat' dir='ltr'>iustis</span> <span class='ocrx_word' id='word_1_177' title='bbox 1252 2470 1537 2547; x_wconf 79' lang='lat' dir='ltr'>racionaiibilibus</span> <span class='ocrx_word' id='word_1_178' title='bbox 1570 2480 1669 2556; x_wconf 88' lang='lat' dir='ltr'>atque</span> <span class='ocrx_word' id='word_1_179' title='bbox 1701 2474 1764 2557; x_wconf 89' lang='lat' dir='ltr'>piis</span> <span class='ocrx_word' id='word_1_180' title='bbox 1798 2475 1850 2558; x_wconf 92' lang='lat' dir='ltr'>pie</span> 
     </span>
     <span class='ocr_line' id='line_1_19' title="bbox 192 2576 1851 2664; baseline -0.002 -14"><span class='ocrx_word' id='word_1_181' title='bbox 192 2582 375 2662; x_wconf 89' lang='lat' dir='ltr'>annuimus,</span> <span class='ocrx_word' id='word_1_182' title='bbox 401 2586 435 2647; x_wconf 92' lang='lat' dir='ltr'>et</span> <span class='ocrx_word' id='word_1_183' title='bbox 458 2578 609 2662; x_wconf 92' lang='lat' dir='ltr'>quicquid</span> <span class='ocrx_word' id='word_1_184' title='bbox 634 2581 810 2646; x_wconf 88' lang='lat' dir='ltr'>eorundem</span> <span class='ocrx_word' id='word_1_185' title='bbox 832 2576 975 2647; x_wconf 79' lang='lat' dir='ltr'>fratrum</span> <span class='ocrx_word' id='word_1_186' title='bbox 998 2577 1181 2661; x_wconf 84' lang='lat' dir='ltr'>profectum</span> <span class='ocrx_word' id='word_1_187' title='bbox 1205 2578 1350 2662; x_wconf 78' lang='lat' dir='ltr'>respicit,</span> <span class='ocrx_word' id='word_1_188' title='bbox 1375 2580 1525 2664; x_wconf 82' lang='lat' dir='ltr'>graciose</span> <span class='ocrx_word' id='word_1_189' title='bbox 1550 2600 1750 2664; x_wconf 88' lang='lat' dir='ltr'>promovere,</span> <span class='ocrx_word' id='word_1_190' title='bbox 1776 2600 1851 2663; x_wconf 89' lang='lat' dir='ltr'>pro-</span> 
     </span>
     <span class='ocr_line' id='line_1_20' title="bbox 192 2685 1851 2772; baseline -0.001 -15"><span class='ocrx_word' id='word_1_191' title='bbox 192 2696 315 2758; x_wconf 94' lang='lat' dir='ltr'>motum</span> <span class='ocrx_word' id='word_1_192' title='bbox 339 2706 490 2755; x_wconf 89' lang='lat' dir='ltr'>curamus</span> <span class='ocrx_word' id='word_1_193' title='bbox 515 2688 558 2753; x_wconf 83' lang='lat' dir='ltr'>ed</span> <span class='ocrx_word' id='word_1_194' title='bbox 580 2685 701 2753; x_wconf 91' lang='lat' dir='ltr'>intenti</span> <span class='ocrx_word' id='word_1_195' title='bbox 723 2686 832 2769; x_wconf 87' lang='lat' dir='ltr'>operis</span> <span class='ocrx_word' id='word_1_196' title='bbox 855 2686 951 2752; x_wconf 91' lang='lat' dir='ltr'>finem</span> <span class='ocrx_word' id='word_1_197' title='bbox 975 2689 1156 2768; x_wconf 88' lang='lat' dir='ltr'>perducere</span> <span class='ocrx_word' id='word_1_198' title='bbox 1179 2686 1334 2753; x_wconf 88' lang='lat' dir='ltr'>studiose.</span> <span class='ocrx_word' id='word_1_199' title='bbox 1381 2687 1468 2753; x_wconf 89' lang='lat' dir='ltr'>Hinc</span> <span class='ocrx_word' id='word_1_200' title='bbox 1492 2694 1553 2770; x_wconf 89' lang='lat' dir='ltr'>est,</span> <span class='ocrx_word' id='word_1_201' title='bbox 1579 2692 1664 2770; x_wconf 93' lang='lat' dir='ltr'>quod</span> <span class='ocrx_word' id='word_1_202' title='bbox 1687 2708 1748 2755; x_wconf 87' lang='lat' dir='ltr'>nos</span> <span class='ocrx_word' id='word_1_203' title='bbox 1763 2708 1851 2772; x_wconf 91' lang='lat' dir='ltr'>emp-</span> 
     </span>
     <span class='ocr_line' id='line_1_21' title="bbox 193 2790 1852 2877; baseline -0.001 -14"><span class='ocrx_word' id='word_1_204' title='bbox 193 2797 318 2864; x_wconf 90' lang='lat' dir='ltr'>cionem</span> <span class='ocrx_word' id='word_1_205' title='bbox 342 2794 466 2862; x_wconf 80' lang='lat' dir='ltr'>iactam</span> <span class='ocrx_word' id='word_1_206' title='bbox 490 2813 549 2877; x_wconf 91' lang='lat' dir='ltr'>per</span> <span class='ocrx_word' id='word_1_207' title='bbox 573 2792 678 2860; x_wconf 89' lang='lat' dir='ltr'>dictos</span> <span class='ocrx_word' id='word_1_208' title='bbox 701 2790 825 2859; x_wconf 86' lang='lat' dir='ltr'>fratres</span> <span class='ocrx_word' id='word_1_209' title='bbox 849 2794 1006 2860; x_wconf 89' lang='lat' dir='ltr'>bonorum</span> <span class='ocrx_word' id='word_1_210' title='bbox 1022 2791 1209 2876; x_wconf 85' lang='lat' dir='ltr'>feodalium,</span> <span class='ocrx_word' id='word_1_211' title='bbox 1235 2813 1296 2875; x_wconf 95' lang='lat' dir='ltr'>que</span> <span class='ocrx_word' id='word_1_212' title='bbox 1312 2792 1515 2861; x_wconf 86' lang='lat' dir='ltr'>Hartmbdus</span> <span class='ocrx_word' id='word_1_213' title='bbox 1538 2794 1631 2861; x_wconf 90' lang='lat' dir='ltr'>miles</span> <span class='ocrx_word' id='word_1_214' title='bbox 1654 2798 1694 2861; x_wconf 91' lang='lat' dir='ltr'>de</span> <span class='ocrx_word' id='word_1_215' title='bbox 1710 2796 1852 2862; x_wconf 89' lang='lat' dir='ltr'>Sabsen-</span> 
     </span>
     <span class='ocr_line' id='line_1_22' title="bbox 193 2897 1852 2983; baseline -0.001 -13"><span class='ocrx_word' id='word_1_216' title='bbox 193 2906 298 2970; x_wconf 88' lang='lat' dir='ltr'>husen</span> <span class='ocrx_word' id='word_1_217' title='bbox 328 2904 370 2968; x_wconf 88' lang='lat' dir='ltr'>ub</span> <span class='ocrx_word' id='word_1_218' title='bbox 400 2899 535 2982; x_wconf 90' lang='lat' dir='ltr'>imperio</span> <span class='ocrx_word' id='word_1_219' title='bbox 569 2900 675 2967; x_wconf 90' lang='lat' dir='ltr'>tenuit</span> <span class='ocrx_word' id='word_1_220' title='bbox 703 2899 738 2966; x_wconf 94' lang='lat' dir='ltr'>in</span> <span class='ocrx_word' id='word_1_221' title='bbox 768 2897 908 2983; x_wconf 81' lang='lat' dir='ltr'>feodum,</span> <span class='ocrx_word' id='word_1_222' title='bbox 940 2903 1054 2967; x_wconf 90' lang='lat' dir='ltr'>domus</span> <span class='ocrx_word' id='word_1_223' title='bbox 1085 2898 1238 2967; x_wconf 90' lang='lat' dir='ltr'>videlicet</span> <span class='ocrx_word' id='word_1_224' title='bbox 1267 2899 1406 2983; x_wconf 83' lang='lat' dir='ltr'>lapidee,</span> <span class='ocrx_word' id='word_1_225' title='bbox 1438 2900 1527 2967; x_wconf 91' lang='lat' dir='ltr'>curie</span> <span class='ocrx_word' id='word_1_226' title='bbox 1558 2908 1592 2967; x_wconf 91' lang='lat' dir='ltr'>et</span> <span class='ocrx_word' id='word_1_227' title='bbox 1622 2900 1687 2968; x_wconf 89' lang='lat' dir='ltr'>orti</span> <span class='ocrx_word' id='word_1_228' title='bbox 1715 2900 1852 2969; x_wconf 89' lang='lat' dir='ltr'>invilla</span> 
     </span>
     <span class='ocr_line' id='line_1_23' title="bbox 193 3004 1852 3090; baseline -0.002 -13"><span class='ocrx_word' id='word_1_229' title='bbox 193 3010 435 3090; x_wconf 83' lang='lat' dir='ltr'>Subsenbusen,</span> <span class='ocrx_word' id='word_1_230' title='bbox 460 3004 555 3074; x_wconf 79' lang='lat' dir='ltr'>fecte</span> <span class='ocrx_word' id='word_1_231' title='bbox 583 3007 677 3073; x_wconf 87' lang='lat' dir='ltr'>nobis</span> <span class='ocrx_word' id='word_1_232' title='bbox 708 3013 741 3073; x_wconf 91' lang='lat' dir='ltr'>et</span> <span class='ocrx_word' id='word_1_233' title='bbox 769 3006 906 3089; x_wconf 91' lang='lat' dir='ltr'>imperio</span> <span class='ocrx_word' id='word_1_234' title='bbox 936 3026 1141 3089; x_wconf 88' lang='lat' dir='ltr'>reconpensa</span> <span class='ocrx_word' id='word_1_235' title='bbox 1169 3008 1209 3072; x_wconf 90' lang='lat' dir='ltr'>de</span> <span class='ocrx_word' id='word_1_236' title='bbox 1239 3006 1333 3073; x_wconf 87' lang='lat' dir='ltr'>bonis</span> <span class='ocrx_word' id='word_1_237' title='bbox 1363 3006 1626 3090; x_wconf 85' lang='lat' dir='ltr'>equivalentibus</span> <span class='ocrx_word' id='word_1_238' title='bbox 1657 3014 1691 3075; x_wconf 89' lang='lat' dir='ltr'>et</span> <span class='ocrx_word' id='word_1_239' title='bbox 1714 3008 1852 3075; x_wconf 88' lang='lat' dir='ltr'>anobis</span> 
     </span>
     <span class='ocr_line' id='line_1_24' title="bbox 194 3113 1851 3199; baseline -0.001 -15"><span class='ocrx_word' id='word_1_240' title='bbox 194 3123 229 3185; x_wconf 92' lang='lat' dir='ltr'>et</span> <span class='ocrx_word' id='word_1_241' title='bbox 252 3115 386 3199; x_wconf 89' lang='lat' dir='ltr'>imperio</span> <span class='ocrx_word' id='word_1_242' title='bbox 410 3113 499 3181; x_wconf 83' lang='lat' dir='ltr'>feodi</span> <span class='ocrx_word' id='word_1_243' title='bbox 519 3113 614 3180; x_wconf 93' lang='lat' dir='ltr'>titulo</span> <span class='ocrx_word' id='word_1_244' title='bbox 632 3113 848 3197; x_wconf 87' lang='lat' dir='ltr'>possidendis,</span> <span class='ocrx_word' id='word_1_245' title='bbox 866 3115 905 3181; x_wconf 90' lang='lat' dir='ltr'>de</span> <span class='ocrx_word' id='word_1_246' title='bbox 922 3121 995 3180; x_wconf 90' lang='lat' dir='ltr'>orto</span> <span class='ocrx_word' id='word_1_247' title='bbox 1012 3113 1166 3181; x_wconf 87' lang='lat' dir='ltr'>videlicet</span> <span class='ocrx_word' id='word_1_248' title='bbox 1181 3120 1216 3181; x_wconf 91' lang='lat' dir='ltr'>et</span> <span class='ocrx_word' id='word_1_249' title='bbox 1231 3113 1359 3197; x_wconf 86' lang='lat' dir='ltr'>piscina</span> <span class='ocrx_word' id='word_1_250' title='bbox 1375 3113 1448 3180; x_wconf 87' lang='lat' dir='ltr'>sitis</span> <span class='ocrx_word' id='word_1_251' title='bbox 1463 3113 1497 3180; x_wconf 92' lang='lat' dir='ltr'>in</span> <span class='ocrx_word' id='word_1_252' title='bbox 1513 3113 1594 3183; x_wconf 88' lang='lat' dir='ltr'>villa</span> <span class='ocrx_word' id='word_1_253' title='bbox 1609 3114 1851 3199; x_wconf 86' lang='lat' dir='ltr'>Sahsenbusen,</span> 
     </span>
     <span class='ocr_line' id='line_1_25' title="bbox 194 3219 1852 3309; baseline -0.001 -19"><span class='ocrx_word' id='word_1_254' title='bbox 194 3232 326 3309; x_wconf 86' lang='lat' dir='ltr'>gratem</span> <span class='ocrx_word' id='word_1_255' title='bbox 349 3222 510 3288; x_wconf 87' lang='lat' dir='ltr'>habentes</span> <span class='ocrx_word' id='word_1_256' title='bbox 534 3226 567 3287; x_wconf 91' lang='lat' dir='ltr'>et</span> <span class='ocrx_word' id='word_1_257' title='bbox 591 3228 708 3303; x_wconf 80' lang='lat' dir='ltr'>ratam,</span> <span class='ocrx_word' id='word_1_258' title='bbox 733 3220 839 3303; x_wconf 90' lang='lat' dir='ltr'>ipsam</span> <span class='ocrx_word' id='word_1_259' title='bbox 863 3220 1026 3303; x_wconf 88' lang='lat' dir='ltr'>presentis</span> <span class='ocrx_word' id='word_1_260' title='bbox 1050 3220 1167 3304; x_wconf 89' lang='lat' dir='ltr'>scripti</span> <span class='ocrx_word' id='word_1_261' title='bbox 1191 3219 1374 3303; x_wconf 85' lang='lat' dir='ltr'>patrocinio</span> <span class='ocrx_word' id='word_1_262' title='bbox 1391 3222 1629 3304; x_wconf 84' lang='lat' dir='ltr'>confirmumus,</span> <span class='ocrx_word' id='word_1_263' title='bbox 1653 3220 1716 3289; x_wconf 90' lang='lat' dir='ltr'>hiis</span> <span class='ocrx_word' id='word_1_264' title='bbox 1740 3229 1852 3290; x_wconf 89' lang='lat' dir='ltr'>nostre</span> 
     </span>
     <span class='ocr_line' id='line_1_26' title="bbox 193 3326 1853 3413; baseline -0.002 -15"><span class='ocrx_word' id='word_1_265' title='bbox 193 3328 380 3398; x_wconf 88' lang='lat' dir='ltr'>maiestatis</span> <span class='ocrx_word' id='word_1_266' title='bbox 409 3328 531 3395; x_wconf 90' lang='lat' dir='ltr'>litteris</span> <span class='ocrx_word' id='word_1_267' title='bbox 562 3326 668 3412; x_wconf 82' lang='lat' dir='ltr'>sigillo</span> <span class='ocrx_word' id='word_1_268' title='bbox 699 3335 812 3395; x_wconf 87' lang='lat' dir='ltr'>nostro</span> <span class='ocrx_word' id='word_1_269' title='bbox 844 3328 934 3412; x_wconf 78' lang='lat' dir='ltr'>regIo</span> <span class='ocrx_word' id='word_1_270' title='bbox 966 3326 1181 3397; x_wconf 81' lang='lat' dir='ltr'>communitis.</span> <span class='ocrx_word' id='word_1_271' title='bbox 1235 3328 1358 3395; x_wconf 90' lang='lat' dir='ltr'>Datum</span> <span class='ocrx_word' id='word_1_272' title='bbox 1388 3328 1592 3413; x_wconf 81' lang='lat' dir='ltr'>Nurenberg,</span> <span class='ocrx_word' id='word_1_273' title='bbox 1617 3329 1674 3395; x_wconf 90' lang='lat' dir='ltr'>VI.</span> <span class='ocrx_word' id='word_1_274' title='bbox 1696 3329 1853 3396; x_wconf 77' lang='lat' dir='ltr'>kalmdos</span> 
     </span>
     <span class='ocr_line' id='line_1_27' title="bbox 195 3416 1852 3522; baseline -0.001 -18"><span class='ocrx_word' id='word_1_275' title='bbox 195 3436 403 3522; x_wconf 71' lang='lat' dir='ltr'>septembris</span> <span class='ocrx_word' id='word_1_276' title='bbox 431 3434 609 3501; x_wconf 86' lang='lat' dir='ltr'>indictione</span> <span class='ocrx_word' id='word_1_277' title='bbox 638 3440 767 3517; x_wconf 83' lang='lat' dir='ltr'>quarta,</span> <span class='ocrx_word' id='word_1_278' title='bbox 794 3453 879 3501; x_wconf 92' lang='lat' dir='ltr'>anno</span> <span class='ocrx_word' id='word_1_279' title='bbox 911 3433 1031 3501; x_wconf 92' lang='lat' dir='ltr'>domini</span> <span class='ocrx_word' id='word_1_280' title='bbox 1054 3436 1094 3500; x_wconf 81' lang='lat' dir='ltr'>m.</span> <span class='ocrx_word' id='word_1_281' title='bbox 1118 3416 1281 3505; x_wconf 60' lang='lat' dir='ltr'>cdlxx.</span> <span class='ocrx_word' id='word_1_282' title='bbox 1305 3442 1409 3519; x_wconf 81' lang='lat' dir='ltr'>sexto,</span> <span class='ocrx_word' id='word_1_283' title='bbox 1433 3436 1528 3521; x_wconf 82' lang='lat' dir='ltr'>regni</span> <span class='ocrx_word' id='word_1_284' title='bbox 1550 3456 1629 3505; x_wconf 91' lang='lat' dir='ltr'>vero</span> <span class='ocrx_word' id='word_1_285' title='bbox 1645 3435 1751 3503; x_wconf 92' lang='lat' dir='ltr'>nostri</span> <span class='ocrx_word' id='word_1_286' title='bbox 1766 3455 1852 3503; x_wconf 91' lang='lat' dir='ltr'>anno</span> 
     </span>
    </p>
   </div>
   <div class='ocr_carea' id='block_1_6' title="bbox 195 3544 309 3611">
    <p class='ocr_par' dir='ltr' id='par_1_8' title="bbox 195 3544 309 3611">
     <span class='ocr_line' id='line_1_28' title="bbox 195 3544 309 3611; baseline -0.018 0"><span class='ocrx_word' id='word_1_287' title='bbox 195 3544 309 3611; x_wconf 91' lang='lat' dir='ltr'>tercio.</span> 
     </span>
    </p>
   </div>
   <div class='ocr_carea' id='block_1_7' title="bbox 413 3684 1852 4023">
    <p class='ocr_par' dir='ltr' id='par_1_9' title="bbox 414 3684 1852 3831">
     <span class='ocr_line' id='line_1_29' title="bbox 414 3684 1852 3756; baseline -0.001 -16"><span class='ocrx_word' id='word_1_288' title='bbox 414 3685 459 3741; x_wconf 83' lang='lat' dir='ltr'>Or.</span> <span class='ocrx_word' id='word_1_289' title='bbox 475 3685 563 3756; x_wconf 79' lang='lat' dir='ltr'>qut.</span> <span class='ocrx_word' id='word_1_290' title='bbox 600 3684 663 3739; x_wconf 85' lang='lat' dir='ltr'>Dos</span> <span class='ocrx_word' id='word_1_291' title='bbox 681 3684 912 3755; x_wconf 71' lang='lat' dir='ltr'>Majurursdepet</span> <span class='ocrx_word' id='word_1_292' title='bbox 929 3684 1014 3755; x_wconf 75' lang='lat' dir='ltr'>hdnpt</span> <span class='ocrx_word' id='word_1_293' title='bbox 1032 3684 1110 3740; x_wconf 75' lang='lat' dir='ltr'>utorio</span> <span class='ocrx_word' id='word_1_294' title='bbox 1129 3684 1283 3755; x_wconf 71' lang='lat' dir='ltr'>bembddipt</span> <span class='ocrx_word' id='word_1_295' title='bbox 1301 3702 1340 3739; x_wconf 85' lang='lat' dir='ltr'>an</span> <span class='ocrx_word' id='word_1_296' title='bbox 1357 3684 1543 3739; x_wconf 78' lang='lat' dir='ltr'>rotbscidencr</span> <span class='ocrx_word' id='word_1_297' title='bbox 1561 3684 1669 3741; x_wconf 66' lang='lat' dir='ltr'>Scitum</span> <span class='ocrx_word' id='word_1_298' title='bbox 1688 3702 1733 3740; x_wconf 85' lang='lat' dir='ltr'>un.</span> <span class='ocrx_word' id='word_1_299' title='bbox 1764 3685 1852 3741; x_wconf 82' lang='lat' dir='ltr'>Wien.</span> 
     </span>
     <span class='ocr_line' id='line_1_30' title="bbox 465 3773 911 3831; baseline -0.007 -2"><span class='ocrx_word' id='word_1_300' title='bbox 465 3773 911 3831; x_wconf 61' lang='lat' dir='ltr'>Demodocus-cantrebocan.</span> 
     </span>
    </p>

    <p class='ocr_par' dir='ltr' id='par_1_10' title="bbox 413 3862 1191 3933">
     <span class='ocr_line' id='line_1_31' title="bbox 413 3862 1191 3933; baseline -0.001 -14"><span class='ocrx_word' id='word_1_301' title='bbox 413 3864 511 3919; x_wconf 66' lang='lat' dir='ltr'>Getis:</span> <span class='ocrx_word' id='word_1_302' title='bbox 530 3864 573 3929; x_wconf 78' lang='lat' dir='ltr'>B,</span> <span class='ocrx_word' id='word_1_303' title='bbox 594 3867 645 3919; x_wconf 83' lang='grc'>179</span> <span class='ocrx_word' id='word_1_304' title='bbox 664 3864 734 3918; x_wconf 79' lang='lat' dir='ltr'>noch</span> <span class='ocrx_word' id='word_1_305' title='bbox 752 3863 811 3917; x_wconf 82' lang='lat' dir='ltr'>dem</span> <span class='ocrx_word' id='word_1_306' title='bbox 832 3862 879 3918; x_wconf 86' lang='lat' dir='ltr'>Or.</span> <span class='ocrx_word' id='word_1_307' title='bbox 893 3886 926 3909; x_wconf 88' lang='lat'>=</span> <span class='ocrx_word' id='word_1_308' title='bbox 946 3864 1065 3933; x_wconf 82' lang='lat' dir='ltr'>Hennes,</span> <span class='ocrx_word' id='word_1_309' title='bbox 1085 3864 1111 3932; x_wconf 89' lang='lat' dir='ltr'>I,</span> <span class='ocrx_word' id='word_1_310' title='bbox 1130 3868 1191 3918; x_wconf 81' lang='lat'><strong><em>220.</em></strong></span> 
     </span>
    </p>

    <p class='ocr_par' dir='ltr' id='par_1_11' title="bbox 417 3952 1073 4023">
     <span class='ocr_line' id='line_1_32' title="bbox 417 3952 1073 4023; baseline -0.005 -14"><span class='ocrx_word' id='word_1_311' title='bbox 417 3954 510 4009; x_wconf 72' lang='lat' dir='ltr'>Vera:</span> <span class='ocrx_word' id='word_1_312' title='bbox 528 3954 673 4023; x_wconf 75' lang='lat' dir='ltr'>Pettenepq</span> <span class='ocrx_word' id='word_1_313' title='bbox 691 3952 743 4007; x_wconf 90' lang='lat' dir='ltr'>No.</span> <span class='ocrx_word' id='word_1_314' title='bbox 759 3956 819 4019; x_wconf 79' lang='lat'>526,</span> <span class='ocrx_word' id='word_1_315' title='bbox 847 3952 931 4007; x_wconf 74' lang='lat' dir='ltr'>u-R.</span> <span class='ocrx_word' id='word_1_316' title='bbox 946 3953 1000 4011; x_wconf 85' lang='lat' dir='ltr'>No.</span> <span class='ocrx_word' id='word_1_317' title='bbox 1014 3956 1073 4008; x_wconf 83' lang='lat'><em>591.</em></span> 
     </span>
    </p>
   </div>
   <div class='ocr_carea' id='block_1_8' title="bbox 195 4269 1857 4685">
    <p class='ocr_par' dir='ltr' id='par_1_12' title="bbox 195 4269 1857 4685">
     <span class='ocr_line' id='line_1_33' title="bbox 195 4269 1855 4362; baseline -0.003 -14"><span class='ocrx_word' id='word_1_318' title='bbox 195 4269 289 4348; x_wconf 82' lang='lat'><strong>373.</strong></span> <span class='ocrx_word' id='word_1_319' title='bbox 313 4277 424 4362; x_wconf 77' lang='lat' dir='ltr'>Kdnip</span> <span class='ocrx_word' id='word_1_320' title='bbox 448 4278 575 4359; x_wconf 77' lang='lat' dir='ltr'>Rodols</span> <span class='ocrx_word' id='word_1_321' title='bbox 595 4277 770 4361; x_wconf 57' lang='lat' dir='ltr'>pecorino-im</span> <span class='ocrx_word' id='word_1_322' title='bbox 793 4277 902 4341; x_wconf 79' lang='lat' dir='ltr'>ebenso</span> <span class='ocrx_word' id='word_1_323' title='bbox 925 4276 985 4341; x_wconf 82' lang='lat' dir='ltr'>don</span> <span class='ocrx_word' id='word_1_324' title='bbox 997 4275 1143 4357; x_wconf 73' lang='lat' dir='ltr'>Venturos</span> <span class='ocrx_word' id='word_1_325' title='bbox 1164 4296 1224 4340; x_wconf 86' lang='lat' dir='ltr'>oon</span> <span class='ocrx_word' id='word_1_326' title='bbox 1244 4277 1515 4342; x_wconf 78' lang='lat' dir='ltr'>reicbslebnborcn</span> <span class='ocrx_word' id='word_1_327' title='bbox 1532 4276 1655 4342; x_wconf 80' lang='lat' dir='ltr'>Oidern</span> <span class='ocrx_word' id='word_1_328' title='bbox 1671 4278 1718 4342; x_wconf 82' lang='lat' dir='ltr'>bei</span> <span class='ocrx_word' id='word_1_329' title='bbox 1734 4277 1855 4343; x_wconf 71' lang='lat' dir='ltr'>Preion·</span> 
     </span>
     <span class='ocr_line' id='line_1_34' title="bbox 314 4380 1855 4471; baseline -0.001 -20"><span class='ocrx_word' id='word_1_330' title='bbox 314 4386 451 4471; x_wconf 80' lang='lat' dir='ltr'>qosbeim</span> <span class='ocrx_word' id='word_1_331' title='bbox 480 4382 568 4469; x_wconf 83' lang='lat' dir='ltr'>(agri</span> <span class='ocrx_word' id='word_1_332' title='bbox 600 4382 656 4449; x_wconf 86' lang='lat' dir='ltr'>siti</span> <span class='ocrx_word' id='word_1_333' title='bbox 688 4382 721 4448; x_wconf 92' lang='lat' dir='ltr'>in</span> <span class='ocrx_word' id='word_1_334' title='bbox 754 4384 812 4448; x_wconf 88' lang='lat' dir='ltr'>der</span> <span class='ocrx_word' id='word_1_335' title='bbox 844 4380 947 4467; x_wconf 82' lang='lat' dir='ltr'>vrigt)</span> <span class='ocrx_word' id='word_1_336' title='bbox 977 4382 1078 4447; x_wconf 74' lang='lat' dir='ltr'>durch</span> <span class='ocrx_word' id='word_1_337' title='bbox 1102 4382 1205 4447; x_wconf 76' lang='lat' dir='ltr'>Ritter</span> <span class='ocrx_word' id='word_1_338' title='bbox 1227 4384 1346 4449; x_wconf 73' lang='lat' dir='ltr'>Wunder</span> <span class='ocrx_word' id='word_1_339' title='bbox 1377 4385 1437 4448; x_wconf 78' lang='lat' dir='ltr'>o&#39;on</span> <span class='ocrx_word' id='word_1_340' title='bbox 1461 4383 1707 4468; x_wconf 78' lang='lat' dir='ltr'>Preunqesbeim</span> <span class='ocrx_word' id='word_1_341' title='bbox 1729 4407 1773 4450; x_wconf 86' lang='lat' dir='ltr'>on</span> <span class='ocrx_word' id='word_1_342' title='bbox 1795 4386 1855 4449; x_wconf 73' lang='lat' dir='ltr'>den</span> 
     </span>
     <span class='ocr_line' id='line_1_35' title="bbox 314 4489 1856 4576; baseline -0.001 -18"><span class='ocrx_word' id='word_1_343' title='bbox 314 4492 562 4571; x_wconf 73' lang='lat' dir='ltr'>Dendroborden,</span> <span class='ocrx_word' id='word_1_344' title='bbox 592 4491 745 4557; x_wconf 76' lang='lat' dir='ltr'>nocluiem</span> <span class='ocrx_word' id='word_1_345' title='bbox 776 4490 842 4555; x_wconf 77' lang='lat' dir='ltr'>ibon</span> <span class='ocrx_word' id='word_1_346' title='bbox 872 4490 929 4554; x_wconf 81' lang='lat' dir='ltr'>der</span> <span class='ocrx_word' id='word_1_347' title='bbox 946 4489 1124 4570; x_wconf 75' lang='lat' dir='ltr'>Verdr&#39;iuser</span> <span class='ocrx_word' id='word_1_348' title='bbox 1155 4489 1257 4571; x_wconf 72' lang='lat' dir='ltr'>dusiis·</span> <span class='ocrx_word' id='word_1_349' title='bbox 1288 4496 1310 4555; x_wconf 86' lang='lat'><em>3</em></span> <span class='ocrx_word' id='word_1_350' title='bbox 1341 4490 1455 4572; x_wconf 71' lang='lat' dir='ltr'>Hersen</span> <span class='ocrx_word' id='word_1_351' title='bbox 1486 4490 1553 4555; x_wconf 75' lang='lat' dir='ltr'>arod</span> <span class='ocrx_word' id='word_1_352' title='bbox 1586 4497 1628 4556; x_wconf 90' lang='lat'>10</span> <span class='ocrx_word' id='word_1_353' title='bbox 1651 4490 1788 4576; x_wconf 77' lang='lat' dir='ltr'>Morqon</span> <span class='ocrx_word' id='word_1_354' title='bbox 1813 4514 1856 4557; x_wconf 74' lang='lat' dir='ltr'>ao</span> 
     </span>
     <span class='ocr_line' id='line_1_36' title="bbox 317 4596 1857 4685; baseline 0.001 -22"><span class='ocrx_word' id='word_1_355' title='bbox 317 4598 607 4684; x_wconf 70' lang='lat' dir='ltr'>torpeo-Dudum</span> <span class='ocrx_word' id='word_1_356' title='bbox 618 4620 658 4663; x_wconf 69' lang='lat' dir='ltr'>en</span> <span class='ocrx_word' id='word_1_357' title='bbox 672 4597 778 4663; x_wconf 72' lang='lat' dir='ltr'>Leton</span> <span class='ocrx_word' id='word_1_358' title='bbox 788 4596 1000 4681; x_wconf 72' lang='lat' dir='ltr'>oorsqetroqen</span> <span class='ocrx_word' id='word_1_359' title='bbox 1010 4596 1074 4661; x_wconf 74' lang='lat' dir='ltr'>leot.</span> <span class='ocrx_word' id='word_1_360' title='bbox 1093 4596 1275 4680; x_wconf 78' lang='lat' dir='ltr'>Niirnborq,</span> <span class='ocrx_word' id='word_1_361' title='bbox 1290 4601 1377 4662; x_wconf 78' lang='lat'><em>1276</em></span> <span class='ocrx_word' id='word_1_362' title='bbox 1385 4598 1516 4683; x_wconf 73' lang='lat' dir='ltr'>Adparet</span> <span class='ocrx_word' id='word_1_363' title='bbox 1526 4603 1580 4663; x_wconf 77' lang='lat'>27.</span> <span class='ocrx_word' id='word_1_364' title='bbox 1596 4598 1668 4683; x_wconf 80' lang='lat' dir='ltr'><strong>(VI.</strong></span> <span class='ocrx_word' id='word_1_365' title='bbox 1679 4597 1745 4664; x_wconf 79' lang='lat' dir='ltr'><strong>kal.</strong></span> <span class='ocrx_word' id='word_1_366' title='bbox 1758 4599 1857 4685; x_wconf 82' lang='lat' dir='ltr'>sept.)</span> 
     </span>
    </p>
   </div>
   <div class='ocr_carea' id='block_1_9' title="bbox 376 4736 1526 5064">
    <p class='ocr_par' dir='ltr' id='par_1_13' title="bbox 418 4736 1243 4812">
     <span class='ocr_line' id='line_1_37' title="bbox 418 4736 1243 4812; baseline -0.006 -16"><span class='ocrx_word' id='word_1_367' title='bbox 418 4741 462 4796; x_wconf 84' lang='lat' dir='ltr'>Or.</span> <span class='ocrx_word' id='word_1_368' title='bbox 478 4742 566 4812; x_wconf 72' lang='lat' dir='ltr'>Pqtnt.</span> <span class='ocrx_word' id='word_1_369' title='bbox 580 4740 630 4795; x_wconf 84' lang='lat' dir='ltr'>mit</span> <span class='ocrx_word' id='word_1_370' title='bbox 649 4739 843 4810; x_wconf 77' lang='lat' dir='ltr'>besebddiqtem</span> <span class='ocrx_word' id='word_1_371' title='bbox 862 4737 957 4808; x_wconf 74' lang='lat' dir='ltr'>Sieqet.</span> <span class='ocrx_word' id='word_1_372' title='bbox 996 4736 1035 4791; x_wconf 78' lang='lat' dir='ltr'>Sc.</span> <span class='ocrx_word' id='word_1_373' title='bbox 1049 4738 1084 4792; x_wconf 79' lang='lat' dir='ltr'>A.</span> <span class='ocrx_word' id='word_1_374' title='bbox 1097 4736 1243 4809; x_wconf 75' lang='lat' dir='ltr'>Stuttqart.</span> 
     </span>
    </p>

    <p class='ocr_par' dir='ltr' id='par_1_14' title="bbox 376 4826 1526 5064">
     <span class='ocr_line' id='line_1_38' title="bbox 376 4826 1526 4899; baseline -0.003 -13"><span class='ocrx_word' id='word_1_375' title='bbox 376 4890 378 4895; x_wconf 60' lang='grc'><strong>,</strong></span> <span class='ocrx_word' id='word_1_376' title='bbox 416 4831 470 4886; x_wconf 82' lang='lat' dir='ltr'>Die</span> <span class='ocrx_word' id='word_1_377' title='bbox 490 4830 620 4886; x_wconf 76' lang='lat' dir='ltr'>Urbnndc</span> <span class='ocrx_word' id='word_1_378' title='bbox 637 4830 674 4884; x_wconf 82' lang='lat' dir='ltr'>ist</span> <span class='ocrx_word' id='word_1_379' title='bbox 692 4829 806 4883; x_wconf 80' lang='lat' dir='ltr'>mutatis</span> <span class='ocrx_word' id='word_1_380' title='bbox 823 4827 964 4883; x_wconf 82' lang='lat' dir='ltr'>mutandis</span> <span class='ocrx_word' id='word_1_381' title='bbox 981 4828 1031 4882; x_wconf 80' lang='lat' dir='ltr'>mit</span> <span class='ocrx_word' id='word_1_382' title='bbox 1049 4828 1098 4883; x_wconf 80' lang='lat' dir='ltr'>der</span> <span class='ocrx_word' id='word_1_383' title='bbox 1117 4828 1228 4898; x_wconf 79' lang='lat' dir='ltr'>roriqen</span> <span class='ocrx_word' id='word_1_384' title='bbox 1245 4827 1303 4894; x_wconf 77' lang='lat' dir='ltr'>suot</span> <span class='ocrx_word' id='word_1_385' title='bbox 1320 4826 1526 4899; x_wconf 71' lang='lat' dir='ltr'>pleidtlautend.</span> 
     </span>
     <span class='ocr_line' id='line_1_39' title="bbox 417 4916 1027 4987; baseline -0.01 -12"><span class='ocrx_word' id='word_1_386' title='bbox 417 4920 516 4975; x_wconf 60' lang='lat' dir='ltr'>Getis:</span> <span class='ocrx_word' id='word_1_387' title='bbox 534 4919 651 4987; x_wconf 80' lang='lat' dir='ltr'>Reimcr,</span> <span class='ocrx_word' id='word_1_388' title='bbox 670 4918 696 4985; x_wconf 90' lang='lat' dir='ltr'>I,</span> <span class='ocrx_word' id='word_1_389' title='bbox 715 4920 771 4973; x_wconf 78' lang='lat'>385</span> <span class='ocrx_word' id='word_1_390' title='bbox 786 4917 856 4971; x_wconf 78' lang='lat' dir='ltr'>nocio</span> <span class='ocrx_word' id='word_1_391' title='bbox 875 4916 934 4971; x_wconf 77' lang='lat' dir='ltr'>dero</span> <span class='ocrx_word' id='word_1_392' title='bbox 955 4916 1000 4971; x_wconf 85' lang='lat' dir='ltr'>Or.</span> <span class='ocrx_word' id='word_1_393' title='bbox 1022 4958 1027 4969; x_wconf 95' lang='lat'><strong><em>.</em></strong></span> 
     </span>
     <span class='ocr_line' id='line_1_40' title="bbox 420 5007 759 5064; baseline -0.006 0"><span class='ocrx_word' id='word_1_394' title='bbox 420 5008 513 5064; x_wconf 63' lang='lat' dir='ltr'>Vere:</span> <span class='ocrx_word' id='word_1_395' title='bbox 531 5007 616 5064; x_wconf 85' lang='lat' dir='ltr'><strong><em>B.·R.</em></strong></span> <span class='ocrx_word' id='word_1_396' title='bbox 631 5008 685 5064; x_wconf 77' lang='lat' dir='ltr'>No,</span> <span class='ocrx_word' id='word_1_397' title='bbox 699 5010 759 5063; x_wconf 81' lang='lat'><em>592.</em></span> 
     </span>
    </p>
   </div>
   <div class='ocr_carea' id='block_1_10' title="bbox 197 5318 1858 5640">
    <p class='ocr_par' dir='ltr' id='par_1_15' title="bbox 197 5318 1858 5640">
     <span class='ocr_line' id='line_1_41' title="bbox 197 5318 1858 5409; baseline -0.005 -14"><span class='ocrx_word' id='word_1_398' title='bbox 197 5318 294 5395; x_wconf 82' lang='grc'>374.</span> <span class='ocrx_word' id='word_1_399' title='bbox 318 5323 429 5409; x_wconf 80' lang='lat' dir='ltr'>Kdniq</span> <span class='ocrx_word' id='word_1_400' title='bbox 452 5322 581 5404; x_wconf 76' lang='lat' dir='ltr'>Rodoif</span> <span class='ocrx_word' id='word_1_401' title='bbox 605 5323 732 5388; x_wconf 72' lang='lat' dir='ltr'>colone</span> <span class='ocrx_word' id='word_1_402' title='bbox 754 5321 824 5387; x_wconf 83' lang='lat' dir='ltr'>dem</span> <span class='ocrx_word' id='word_1_403' title='bbox 847 5319 1064 5403; x_wconf 72' lang='lat' dir='ltr'>Fronbsuoicr</span> <span class='ocrx_word' id='word_1_404' title='bbox 1086 5320 1320 5386; x_wconf 78' lang='lat' dir='ltr'>Schultbeissen</span> <span class='ocrx_word' id='word_1_405' title='bbox 1342 5319 1496 5385; x_wconf 77' lang='lat' dir='ltr'>Heinrich</span> <span class='ocrx_word' id='word_1_406' title='bbox 1520 5325 1540 5384; x_wconf 84' lang='lat'><strong><em>5</em></strong></span> <span class='ocrx_word' id='word_1_407' title='bbox 1564 5319 1664 5385; x_wconf 78' lang='lat' dir='ltr'>Mori·</span> <span class='ocrx_word' id='word_1_408' title='bbox 1681 5321 1858 5402; x_wconf 79' lang='lat' dir='ltr'>jdbrlicber</span> 
     </span>
     <span class='ocr_line' id='line_1_42' title="bbox 319 5426 1857 5516; baseline -0.002 -20"><span class='ocrx_word' id='word_1_409' title='bbox 319 5432 496 5514; x_wconf 75' lang='lat' dir='ltr'>Eirdriinfte</span> <span class='ocrx_word' id='word_1_410' title='bbox 519 5432 569 5498; x_wconf 73' lang='lat' dir='ltr'>als</span> <span class='ocrx_word' id='word_1_411' title='bbox 588 5430 772 5516; x_wconf 75' lang='lat' dir='ltr'>Burqlcbcn</span> <span class='ocrx_word' id='word_1_412' title='bbox 794 5451 836 5493; x_wconf 77' lang='grc' dir='ltr'>ννι</span> <span class='ocrx_word' id='word_1_413' title='bbox 851 5429 1033 5494; x_wconf 77' lang='lat' dir='ltr'>Rddcltcion</span> <span class='ocrx_word' id='word_1_414' title='bbox 1056 5428 1123 5493; x_wconf 78' lang='lat' dir='ltr'>rond</span> <span class='ocrx_word' id='word_1_415' title='bbox 1146 5427 1332 5510; x_wconf 76' lang='lat' dir='ltr'>oerpfdndet</span> <span class='ocrx_word' id='word_1_416' title='bbox 1354 5428 1420 5492; x_wconf 66' lang='lat' dir='ltr'>idio</span> <span class='ocrx_word' id='word_1_417' title='bbox 1441 5426 1544 5509; x_wconf 75' lang='lat' dir='ltr'>dosiir</span> <span class='ocrx_word' id='word_1_418' title='bbox 1564 5428 1612 5492; x_wconf 80' lang='lat' dir='ltr'>bis</span> <span class='ocrx_word' id='word_1_419' title='bbox 1631 5449 1692 5493; x_wconf 78' lang='lat' dir='ltr'>aur</span> <span class='ocrx_word' id='word_1_420' title='bbox 1708 5426 1857 5513; x_wconf 78' lang='lat' dir='ltr'>Zoblunq</span> 
     </span>
     <span class='ocr_line' id='line_1_43' title="bbox 320 5533 1756 5640; baseline -0.003 -36"><span class='ocrx_word' id='word_1_421' title='bbox 320 5560 380 5605; x_wconf 85' lang='lat' dir='ltr'>ron</span> <span class='ocrx_word' id='word_1_422' title='bbox 402 5544 446 5605; x_wconf 81' lang='lat'>50</span> <span class='ocrx_word' id='word_1_423' title='bbox 468 5538 569 5605; x_wconf 71' lang='lat' dir='ltr'>Morio</span> <span class='ocrx_word' id='word_1_424' title='bbox 591 5538 651 5603; x_wconf 80' lang='lat' dir='ltr'>don</span> <span class='ocrx_word' id='word_1_425' title='bbox 673 5536 870 5622; x_wconf 71' lang='lat' dir='ltr'>kdno&#39;qlicheo</span> <span class='ocrx_word' id='word_1_426' title='bbox 893 5535 967 5617; x_wconf 76' lang='lat' dir='ltr'>Hof</span> <span class='ocrx_word' id='word_1_427' title='bbox 986 5556 1028 5600; x_wconf 77' lang='lat' dir='ltr'>au</span> <span class='ocrx_word' id='word_1_428' title='bbox 1051 5533 1185 5617; x_wconf 73' lang='lat' dir='ltr'>Kristci.</span> <span class='ocrx_word' id='word_1_429' title='bbox 1231 5534 1415 5640; x_wconf 79' lang='lat' dir='ltr'>Niirnberq,</span> <span class='ocrx_word' id='word_1_430' title='bbox 1440 5539 1528 5600; x_wconf 74' lang='lat'><em>1276</em></span> <span class='ocrx_word' id='word_1_431' title='bbox 1550 5534 1681 5620; x_wconf 72' lang='lat' dir='ltr'>depost</span> <span class='ocrx_word' id='word_1_432' title='bbox 1702 5540 1756 5600; x_wconf 75' lang='lat'>29.</span> 
     </span>
    </p>
   </div>
   <div class='ocr_carea' id='block_1_11' title="bbox 199 5676 1858 5869">
    <p class='ocr_par' dir='ltr' id='par_1_16' title="bbox 199 5676 1858 5869">
     <span class='ocr_line' id='line_1_44' title="bbox 312 5676 1858 5763; baseline -0.001 -16"><span class='ocrx_word' id='word_1_433' title='bbox 312 5678 476 5747; x_wconf 85' lang='lat' dir='ltr'>Rudolfus</span> <span class='ocrx_word' id='word_1_434' title='bbox 499 5678 551 5745; x_wconf 91' lang='lat' dir='ltr'>dei</span> <span class='ocrx_word' id='word_1_435' title='bbox 569 5677 688 5763; x_wconf 76' lang='lat' dir='ltr'>gracia</span> <span class='ocrx_word' id='word_1_436' title='bbox 704 5679 926 5745; x_wconf 89' lang='lat' dir='ltr'>Romanorum</span> <span class='ocrx_word' id='word_1_437' title='bbox 949 5697 1017 5760; x_wconf 81' lang='lat' dir='ltr'>reu,</span> <span class='ocrx_word' id='word_1_438' title='bbox 1036 5695 1164 5760; x_wconf 88' lang='lat' dir='ltr'>semper</span> <span class='ocrx_word' id='word_1_439' title='bbox 1180 5683 1350 5761; x_wconf 83' lang='lat' dir='ltr'>augustus.</span> <span class='ocrx_word' id='word_1_440' title='bbox 1387 5676 1560 5745; x_wconf 85' lang='lat' dir='ltr'>Universis</span> <span class='ocrx_word' id='word_1_441' title='bbox 1574 5676 1702 5761; x_wconf 89' lang='lat' dir='ltr'>imperii</span> <span class='ocrx_word' id='word_1_442' title='bbox 1717 5678 1858 5746; x_wconf 88' lang='lat' dir='ltr'>Romani</span> 
     </span>
     <span class='ocr_line' id='line_1_45' title="bbox 199 5782 1858 5869; baseline -0.001 -15"><span class='ocrx_word' id='word_1_443' title='bbox 199 5787 354 5855; x_wconf 88' lang='lat' dir='ltr'>fidelibus</span> <span class='ocrx_word' id='word_1_444' title='bbox 378 5791 549 5868; x_wconf 88' lang='lat' dir='ltr'>presentes</span> <span class='ocrx_word' id='word_1_445' title='bbox 571 5785 702 5852; x_wconf 87' lang='lat' dir='ltr'>litteras</span> <span class='ocrx_word' id='word_1_446' title='bbox 725 5783 933 5868; x_wconf 73' lang='lat' dir='ltr'>inspecturis</span> <span class='ocrx_word' id='word_1_447' title='bbox 949 5782 975 5858; x_wconf 78' lang='lat' dir='ltr'>sl</span> <span class='ocrx_word' id='word_1_448' title='bbox 989 5783 1135 5869; x_wconf 84' lang='lat' dir='ltr'>graciam</span> <span class='ocrx_word' id='word_1_449' title='bbox 1160 5803 1251 5851; x_wconf 89' lang='lat' dir='ltr'>suam</span> <span class='ocrx_word' id='word_1_450' title='bbox 1276 5790 1309 5849; x_wconf 93' lang='lat' dir='ltr'>et</span> <span class='ocrx_word' id='word_1_451' title='bbox 1333 5799 1426 5850; x_wconf 91' lang='lat' dir='ltr'>omne</span> <span class='ocrx_word' id='word_1_452' title='bbox 1444 5785 1573 5851; x_wconf 91' lang='lat' dir='ltr'>bonum.</span> <span class='ocrx_word' id='word_1_453' title='bbox 1613 5784 1692 5850; x_wconf 90' lang='lat' dir='ltr'>Illos</span> <span class='ocrx_word' id='word_1_454' title='bbox 1707 5784 1858 5853; x_wconf 90' lang='lat' dir='ltr'>nimirum</span> 
     </span>
    </p>
   </div>
   <div class='ocr_carea' id='block_1_12' title="bbox 0 0 2219 6384">
    <p class='ocr_par' dir='ltr' id='par_1_17' title="bbox 0 0 2219 6384">
     <span class='ocr_line' id='line_1_46' title="bbox 0 0 2219 6384; baseline 0 0"><span class='ocrx_word' id='word_1_455' title='bbox 0 0 2219 6384; x_wconf 95' lang='lat' dir='ltr'> </span> 
     </span>
    </p>
   </div>
  </div>
 </body>
</html>
