4400 6384
386 286 449 351 158
972 286 1040 339 1273
1060 286 1116 339 ulai
1139 288 1170 339 10
1188 317 1221 324 —
1242 286 1311 338 1273
1330 285 1388 339 Juli
1407 287 1450 339 23.

384 504 480 565 quam
511 502 620 549 eorum
644 502 851 549 successores
874 482 994 567 singuli
1018 504 1135 566 penam
1159 483 1402 568 suprapositam
1426 483 1608 565 pacientur,
1633 490 1667 549 et
1691 484 1723 549 si
1747 483 1952 550 decesserint
1975 484 2044 550 sine

382 590 566 669 heredibus,
592 590 680 655 curie
704 596 737 655 et
761 610 836 656 aree
861 590 1006 672 predicte
1031 592 1073 656 ad
1096 589 1219 657 fratres
1244 612 1303 674 per
1318 591 1426 657 omnia
1442 590 1662 673 pertinebunt.
1708 592 1867 657 Preterea
1882 592 2045 674 presenti·

381 700 443 763 bus
466 696 553 763 inter
577 696 642 763 ulia
666 704 717 763 est
739 696 952 763 interclusum
976 704 1010 763 et
1033 698 1189 778 additum,
1214 703 1299 780 quod
1322 698 1419 764 iidem
1443 696 1566 763 fratres
1593 700 1705 764 eodem
1717 699 1898 764 Wernhero
1913 707 2044 765 mortuo

382 804 495 871 debita
526 823 586 869 sua
616 803 756 884 solvant,
781 823 843 885 que
873 803 1064 870 notabiliter
1094 804 1218 871 fuerint
1248 812 1327 871 tunc
1358 824 1525 886 expressa,
1550 807 1721 871 vendendo
1752 806 1848 884 bona,
1873 824 1939 886 que
1961 806 2043 888 ipsis

382 912 529 993 contulit,
555 917 589 977 et
619 910 728 977 curias
759 917 792 976 et
821 930 917 976 areas
942 911 1051 992 pueris
1076 931 1224 977 sororum
1247 931 1380 978 suarum
1403 911 1552 993 collatas,
1579 912 1662 978 sitas
1684 912 1719 977 in
1743 912 1881 978 civitate
1903 913 2041 996 Alceya

382 1024 415 1084 et
445 1016 595 1084 similiter
625 1020 664 1083 de
695 1017 845 1083 ducentis
875 1016 1005 1099 marcis,
1037 1037 1119 1099 quas
1150 1017 1307 1101 predictis
1338 1017 1448 1100 pueris
1478 1018 1661 1100 deputavit,
1687 1019 1960 1099 quemadmodum
1991 1026 2042 1083 est

382 1124 573 1206 predictum.
613 1126 729 1190 Preter
752 1123 936 1189 huiusmodi
959 1124 1098 1190 contulit
1121 1123 1202 1206 ipsis
1218 1122 1379 1190 fratribus
1396 1128 1533 1205 quedam
1552 1128 1651 1206 bona,
1676 1145 1738 1206 que
1754 1144 1887 1191 censum
1903 1128 2042 1191 reddere

382 1232 488 1297 solent
517 1231 550 1297 iu
582 1231 704 1297 curiam
735 1230 885 1313 dapiferi,
911 1250 973 1312 que
1004 1229 1154 1297 similiter
1185 1232 1227 1296 ad
1255 1231 1410 1296 maiorem
1434 1231 1606 1311 cautelam,
1632 1237 1669 1297 ut
1691 1231 1791 1297 moris
1815 1241 1849 1297 et
1872 1232 1956 1298 iuris
1981 1241 2041 1300 est.

381 1337 462 1419 ipsis
485 1338 519 1403 in
542 1342 655 1404 eadem
680 1337 771 1403 curia
795 1336 938 1419 dapiferi
959 1336 1151 1421 resignavit.
1198 1338 1269 1402 Heo
1294 1356 1420 1418 quoque
1444 1339 1531 1403 bona
1554 1338 1672 1419 omnia,
1697 1358 1759 1419 que
1782 1338 1863 1420 ipsis
1879 1336 2043 1404 fratribus

382 1444 529 1525 contulit,
556 1445 618 1510 sibi
649 1449 882 1511 concesserunt
910 1442 1108 1526 possidenda
1131 1452 1277 1526 tempore
1301 1464 1358 1509 sue
1382 1444 1460 1520 vite,
1484 1451 1523 1509 ut
1545 1444 1626 1527 ipsis
1649 1444 1778 1511 nomine
1802 1464 1921 1510 census
1946 1445 2042 1510 annis

382 1551 519 1636 singulis
553 1552 587 1619 in
622 1551 708 1618 festo
739 1551 829 1617 beati
859 1550 996 1617 Martini
1027 1571 1126 1617 uuum
1157 1551 1295 1616 solidum
1325 1550 1520 1617 hallensium
1550 1559 1584 1617 et
1613 1555 1694 1617 duos
1725 1570 1892 1633 cappoues
1922 1554 2042 1616 debeat

382 1660 563 1745 assignare.
610 1660 650 1724 In
681 1657 773 1723 ouius
804 1656 887 1722 facti
917 1657 1140 1723 testimonium
1170 1664 1204 1723 et
1235 1658 1379 1724 debitam
1405 1658 1594 1723 firmitatem
1617 1661 1659 1724 ad
1684 1658 1878 1740 peticionem
1902 1658 2043 1739 predicti

381 1765 555 1831 Wernheri
585 1772 755 1848 presentes
786 1764 917 1829 litteras
948 1763 1047 1847 sigilli
1077 1764 1184 1830 nostri
1213 1764 1387 1830 munimine
1420 1764 1569 1830 duximus
1593 1767 1806 1831 roborandas.
1861 1766 1986 1829 Datum
2010 1775 2042 1829 et

382 1880 492 1939 actum
516 1892 601 1939 anno
626 1869 747 1938 domini
770 1870 938 1937 millesimo
963 1870 1185 1937 ducentesimo
1210 1870 1451 1954 septuagesimo
1476 1871 1590 1953 tercio,
1615 1872 1717 1937 tercio
1742 1891 1846 1937 nouas
1868 1871 1957 1937 maii.

595 2012 736 2078 Atabyrist
753 2012 792 2067 im
811 2012 1300 2067 Dwtscbordena-Dolcumentenbucb
1317 2013 1405 2078 fi218
1412 2008 1433 2065 ὓ.
1478 2012 1517 2065 St.
1530 2013 1565 2066 A.
1581 2010 1727 2083 Stultqort.
1747 2044 1781 2051 -2
1796 2013 1855 2067 Voa
1875 2013 2040 2067 Numenius.

381 2300 474 2377 317.
497 2308 566 2373 Der
581 2308 741 2375 Komtbur
757 2307 895 2391 Lcrdrcip
919 2308 985 2371 und
1000 2308 1050 2371 dic
1065 2307 1196 2370 Briiclcr
1211 2307 1266 2369 dos
1283 2306 1537 2371 Danaeia-dens
1552 2330 1593 2370 zu
1609 2306 1870 2371 Socbscuhousca
1885 2310 2038 2386 criticen,

496 2418 574 2481 cluss
588 2417 680 2480 ibncn
697 2421 851 2499 ponunntc
863 2414 1062 2479 Gclnbduscr
1073 2418 1162 2478 eiocn
1174 2413 1303 2477 Anttetl
1314 2436 1357 2477 un
1369 2416 1454 2477 cinci·
1465 2414 1608 2497 ‹lorlipcn-
1622 2414 1732 2477 anatole
1743 2436 1842 2498 qcpcn
1853 2418 1921 2477 cirre
1931 2415 2040 2479 Korn-

496 2522 658 2587 Lctbrcnte
689 2523 871 2586 ilberlossen
901 2522 1010 2585 bobum.
1065 2520 1208 2603 Zeupcn:
1240 2520 1404 2584 Gmmrtntc
1426 2521 1571 2601 Scbdffco
1603 2521 1668 2584 curui
1698 2519 1829 2604 Biirper
1853 2544 1911 2585 non
1945 2522 2038 2586 Gelo-

498 2630 627 2694 baosen.
677 2628 889 2706 Gclnboosen,
915 2632 1002 2691 1273
1026 2626 1100 2691 Mol
1125 2633 1192 2691 10.¹
1223 2626 1270 2711 (in
1295 2624 1381 2691 festo
1406 2624 1566 2693 Gordiani
1589 2633 1623 2691 et
1646 2625 1820 2708 Epimacbi
1842 2627 2039 2711 martirum.)

597 2769 642 2824 Or.
652 2770 740 2840 Ppmt.
759 2770 815 2824 Die
824 2769 912 2839 steyn
924 2770 970 2823 dea
981 2768 1297 2823 Deutrcbordenabouaea
1308 2768 1367 2823 und
1379 2769 1428 2823 der
1438 2769 1629 2834 Frantfurter
1639 2769 1792 2822 Minoriten
1803 2769 1868 2821 aiud
1877 2769 2038 2836 obposullcn.

595 2858 636 2912 St.
650 2858 684 2911 Δ.
698 2856 844 2928 Stuttpart.
881 2857 1269 2925 Deutecborden-Urlcunden,
1290 2858 1424 2912 Preuoceu
1443 2858 1496 2911 No.
1511 2861 1553 2911 66.

596 2946 695 3000 Gedc:
714 2946 831 3014 Rama,
851 2946 876 3013 I,
896 2950 948 3001 345
968 2947 1037 2999 noeb
1056 2946 1115 2999 dem
1137 2946 1183 3001 Or.
1205 2988 1210 2998 .

381 3215 474 3292 318.
496 3223 570 3289 Dos
593 3223 804 3306 Stiflsbopilel
826 3246 867 3287 au
891 3223 924 3287 F
923 3224 1075 3305 rnnbsuri
1097 3224 1165 3288 unul
1187 3224 1247 3287 dos
1262 3222 1601 3289 Deutscbordensbous
1623 3247 1665 3287 aa
1688 3225 1952 3288 Sochscnhuuscn
1975 3246 2039 3287 ccr-

496 3333 636 3415 pleicben
659 3332 726 3397 sicb
749 3332 850 3395 docrcb
866 3332 1113 3395 Sobicdsricbtcr
1136 3331 1213 3394 iiber
1235 3332 1286 3395 dic
1308 3352 1368 3394 oon
1390 3332 1458 3395 deur
1484 3331 1626 3395 (aalma
1648 3352 1692 3396 on
1713 3332 1775 3395 dns
1797 3338 1912 3395 cratere
1936 3354 2038 3415 rcepcn

499 3442 601 3503 saner
624 3439 831 3520 Nocolfeldor
855 3442 897 3501 irre
913 3437 1121 3502 Rb'clerbrncb
1137 3439 1203 3501 und
1218 3439 1287 3502 doru
1310 3438 1419 3502 Woldc
1434 3436 1582 3502 Drciciclr
1597 3460 1639 3502 zu
1655 3440 1886 3503 eretricbterulm
1902 3438 2038 3503 Zebodm

488 3546 554 3609 tend
577 3546 731 3610 Naaman.
779 3544 1049 3624 Socbseobouscu,
1075 3549 1163 3608 1273
1186 3544 1259 3608 Juli
1281 3549 1335 3607 23.

488 3688 526 3753 In
551 3686 679 3753 nomine
696 3686 825 3768 domini,
844 3706 946 3752 amen.
984 3686 1051 3751 Nos
1068 3685 1233 3751 Henricus
1249 3688 1393 3751 decanus
1409 3692 1444 3751 et
1460 3685 1639 3767 capitulum
1655 3686 1791 3753 ecclesie
1808 3690 1849 3752 de
1865 3688 2039 3753 Frankeu-

380 3793 450 3861 fort
471 3802 505 3860 et
527 3813 587 3861 uos
603 3793 800 3860 Ludewicus
817 3793 924 3859 dictus
941 3796 980 3858 de
1002 3792 1177 3858 Swalbach
1200 3792 1464 3864 conmeulldator
1488 3811 1527 3858 ac
1551 3791 1675 3859 fratres
1698 3796 1812 3859 domus
1836 3794 2038 3860 Theutonicc.

381 3904 467 3984 apud
496 3902 736 3968 Sahseuhusen.
784 3901 835 3965 Ad
868 3900 1095 3965 universorum
1129 3898 1283 3965 noticiam
1318 3899 1465 3982 cupimus
1499 3900 1681 3981 pervenire,
1714 3903 1809 3982 quod,
1843 3920 1916 3966 euru
1941 3920 2039 3983 super

383 4008 511 4075 decima
528 4015 577 4073 'et
600 4026 687 4073 nona
711 4013 806 4088 parte
826 4006 849 4079 ll
868 4006 995 4073 novalis
1028 4004 1124 4086 illius⁷
1159 4008 1244 4088 quod
1268 4006 1460 4071 Rotebruch
1493 4005 1623 4087 dicitur,
1658 4014 1692 4073 et
1725 4006 1842 4089 incipit
1875 4006 1909 4072 iu
1942 4015 2037 4089 parte

382 4114 543 4197 superiori
566 4116 653 4196 apud
677 4114 911 4195 Froweuwege
935 4120 968 4178 et
990 4112 1186 4178 terminatur
1201 4112 1235 4177 in
1252 4118 1347 4194 parte
1363 4111 1512 4179 inferiori
1527 4112 1561 4178 in
1578 4120 1675 4194 prato
1690 4112 1870 4180 Hartmudi
1884 4113 2037 4188 milllitis,

383 4241 422 4286 ex
446 4228 541 4303 parte
564 4240 643 4287 vero
668 4218 772 4285 tercia
795 4219 829 4285 in
846 4238 959 4301 campo
977 4220 1207 4285 Sahseulrusen
1223 4238 1326 4301 usque
1343 4222 1384 4285 ad
1407 4218 1481 4285 illos
1498 4239 1606 4303 agros,
1632 4219 1780 4301 quiante
1796 4220 2037 4302 hosprorimos

382 4327 522 4409 quinque
554 4346 657 4393 annos
681 4326 761 4391 culti
791 4324 934 4407 fuerunt,
960 4333 994 4392 et
1016 4326 1050 4391 in
1074 4332 1195 4407 quarta
1218 4333 1314 4408 parte
1344 4346 1460 4393 versus
1484 4324 1653 4409 forestam,
1685 4344 1781 4407 quarn
1806 4346 1867 4392 nos
1892 4329 2037 4393 decanus

382 4442 415 4501 et
439 4434 616 4517 capitulum
640 4431 800 4499 antedicti
823 4452 844 4498 a
866 4436 1119 4499 commendatore
1136 4453 1175 4498 ae
1192 4432 1353 4499 fratribus
1369 4432 1557 4499 memoratis
1573 4433 1812 4515 requisivimus,
1838 4432 2036 4515 aliquamdiu

383 4540 510 4622 questio
535 4547 730 4622 verteretur,
753 4559 817 4606 non
837 4538 906 4605 sine
929 4538 1098 4605 laboribus
1118 4546 1152 4605 et
1168 4540 1331 4622 expensis,
1352 4542 1484 4607 tandem
1502 4542 1543 4605 ad
1561 4538 1764 4605 amicabilem
1788 4546 1821 4605 et
1845 4540 2036 4606 concordem

383 4646 660 4729 corrtposicionem,
686 4667 783 4729 quam
806 4646 968 4727 utrimque
992 4645 1260 4728 desideravimus,
1286 4644 1471 4713 faciendam
1495 4646 1528 4711 in
1548 4646 1709 4713 discretos
1725 4646 1825 4728 viros,
1842 4648 2034 4731 magistrum

383 4754 624 4835 Gebehardum,
657 4753 847 4819 canonicum
877 4753 1116 4837 Maguntinum,
1149 4760 1182 4819 et
1214 4752 1376 4819 dominum
1399 4753 1482 4819 Lud.
1509 4757 1548 4819 de
1573 4753 1749 4835 Alrestete,
1782 4754 1973 4820 canonicum
2004 4762 2036 4819 et

382 4861 597 4927 camerarium
623 4861 929 4943 Nuemburgeusem,
964 4859 1183 4941 convenimus,
1216 4867 1250 4925 et
1279 4860 1484 4940 promisimus
1514 4860 1578 4925 fide
1609 4859 1751 4942 prestita
1781 4860 1946 4943 corporali
1975 4862 2034 4926 sub

382 4988 468 5050 pena
497 4964 617 5050 viginti
646 4985 830 5032 marcarum
861 4966 1001 5050 argenti,
1033 4972 1069 5031 ut
1101 4966 1257 5048 quidquid
1287 4966 1384 5033 iidem
1408 4965 1558 5045 canonici
1587 4965 1780 5033 ordinarent
1809 4967 1898 5033 inter
1921 4987 1980 5033 nos
2002 4976 2035 5032 et

382 5080 569 5141 statuerent
584 5092 683 5155 super
698 5071 882 5139 huiusmodi
897 5072 1068 5154 questione
1085 5074 1262 5138 secuudum
1278 5073 1440 5141 iusticiam
1465 5074 1518 5139 vel
1542 5074 1653 5155 amice,
1678 5074 1711 5139 id
1735 5081 1845 5139 ratum
1861 5082 1896 5140 et
1910 5074 2034 5140 firmum

381 5180 543 5263 utrimque
568 5187 727 5263 perpetuo
752 5189 945 5247 teneremus.
993 5178 1064 5261 Ipsi
1086 5199 1165 5246 vero
1182 5180 1369 5247 racionibus
1386 5179 1508 5246 uostris
1525 5180 1647 5246 auditis
1663 5188 1697 5246 et
1713 5180 1793 5247 visis
1808 5180 2033 5246 instrumentis

382 5309 421 5354 ac
445 5286 626 5371 privilegiis
649 5286 832 5367 utrobique,
858 5286 1128 5369 conrpcsicionem
1160 5284 1247 5352 iuter
1276 5307 1336 5353 uos
1360 5287 1552 5369 ordinando,
1584 5284 1697 5353 taliter
1721 5293 1922 5370 statuerunt,
1946 5286 2032 5353 vide

380 5394 468 5477 licet,
494 5397 578 5475 quod
609 5414 669 5459 nos
699 5395 843 5459 decanus
874 5401 907 5460 et
931 5393 1111 5476 capitulum
1134 5394 1302 5474 prenotati
1325 5414 1346 5459 a
1368 5392 1583 5475 requisicioue
1607 5392 1713 5475 partis
1737 5392 1870 5475 decime,
1895 5413 1991 5475 quam
2012 5413 2032 5459 a

382 5499 522 5582 prefatis
552 5498 714 5566 fratribus
744 5503 784 5566 de
814 5500 925 5567 novali
949 5500 1096 5582 predicto
1121 5506 1153 5565 et
1178 5499 1252 5565 aliis
1275 5501 1457 5580 novalibus,
1483 5519 1545 5582 que
1574 5500 1609 5565 in
1638 5497 1763 5567 foresto
1787 5498 1911 5566 Drieclr
1941 5520 2032 5566 exeo

381 5606 503 5673 luerint
532 5607 565 5672 in
597 5606 752 5690 futurum,
786 5606 956 5673 occasione
988 5605 1234 5689 privilegiorum
1264 5615 1450 5674 nostrorum
1475 5606 1650 5689 petivimus
1674 5606 1769 5672 nobis
1792 5606 1874 5688 dari,
1900 5613 2032 5689 propter

384 5712 557 5797 privilegia
581 5714 772 5795 apostolica,
805 5734 867 5794 que
889 5714 953 5795 ipsi
976 5713 1100 5779 fratres
1124 5714 1301 5795 habebant,
1326 5722 1485 5796 perpetuo
1516 5732 1719 5779 cessaremus
1743 5721 1777 5779 et
1799 5712 2031 5780 dimitteremus
