4400 6384
782 323 851 377 1283
869 323 947 379 littra
965 322 999 375 24
1020 352 1051 361 -
1072 322 1142 377 1283
1162 326 1280 392 August.
1793 320 1857 386 229

202 515 294 592 475.
319 523 447 607 Philipp
482 544 541 589 006
572 520 789 601 Follceustein,
824 522 1123 599 Reichshtimmerer,
1160 523 1322 605 iibertrdpt
1358 520 1419 585 (106
1454 519 1582 584 Gericbt
1617 542 1659 584 ae
1687 519 1857 586 Wciabce'm

320 634 366 696 bri
389 632 489 711 Aiaci,
514 631 574 695 (106
598 653 631 695 er
654 630 805 695 octodero
830 628 1046 713 Pfolaprufeu
1069 628 1208 711 Lrtdroe'p
1233 628 1279 690 bet
1302 626 1470 691 110666(
1493 626 1598 691 Lebrn
1620 632 1769 711 petrapen
1792 628 1858 691 tend

320 763 362 805 oa
384 738 637 805 1161611666
660 760 719 802 006
742 738 910 803 Wehthee'm
934 737 984 801 016
1008 736 1190 817 Asterlrbrm
1215 736 1363 819 vergebat
1386 735 1477 813 butte,
1502 735 1571 797 (1001
1589 732 1857 799 Derdsrhordcns-

321 849 419 913 110666
447 870 488 911 eu
512 847 772 913 Sochsenhousca
802 846 868 909 ((011
899 844 1070 927 ocrsprr'cht
1101 845 1148 907 bis
1177 866 1218 907 61(
1245 843 1402 925 (11060101
1424 841 1658 926 11160611Ιὶ0600
1682 843 1736 906 des
1763 844 1858 909 Ober-

320 956 520 1019 lrhashcrrcu
541 956 592 1019 dic
615 975 675 1018 0016
698 954 767 1017 deno
783 952 986 1017 Lebasbcsite
1004 952 1072 1015 sich
1088 951 1277 1034 erpcbcudea
1294 948 1449 1029 be'cldcn
1464 952 1640 1013 selandos
1655 971 1697 1013 eu
1712 950 1856 1031 erfiillea.
1948 999 1953 1012 .

321 1067 406 1126 1283
430 1061 605 1126 111ίὶ1621.

310 1186 378 1251 Nos
410 1185 580 1268 Philippus
611 1188 651 1251 de
681 1184 923 1267 Mintzenberg,
958 1182 1137 1266 imperialis
1168 1183 1241 1248 aule
1273 1181 1482 1263 camerarius
1515 1181 1722 1263 presentibus
1752 1182 1858 1248 literis

203 1294 401 1376 profitemur,
427 1295 514 1374 quod
545 1292 700 1374 precipue
731 1298 867 1373 propter
898 1294 992 1356 deum
1024 1310 1150 1355 necnon
1181 1287 1419 1355 familiaritatis
1451 1295 1485 1354 et
1515 1288 1699 1355 dilectionis
1721 1289 1855 1371 intuitu,

204 1401 322 1481 quihus
352 1400 416 1467 viri
447 1398 591 1483 religiosi
623 1401 866 1464 commendator
896 1404 929 1462 et
952 1395 1076 1462 fratres
1101 1398 1214 1470 domus
1238 1394 1440 1460 Theutonice
1463 1396 1497 1460 in
1521 1397 1746 1462 Sassenhusen
1770 1401 1859 1478 apud

205 1505 452 1573 Franckenlort
476 1526 511 1572 se
535 1505 629 1571 nobis
653 1511 768 1589 gratos
793 1510 826 1570 et
849 1510 1004 1586 acceptos
1027 1502 1250 1582 reddiderunt,
1276 1502 1397 1567 eisdem
1421 1500 1581 1569 fratribus
1609 1503 1762 1568 iudicium
1783 1504 1859 1571 ville

206 1613 419 1697 Weyenheim
444 1634 516 1679 cum
541 1613 608 1679 suis
634 1611 821 1678 attinenciis
844 1610 1017 1691 universis
1043 1612 1128 1691 quod
1148 1610 1189 1675 ab
1206 1608 1327 1675 illustri
1341 1609 1413 1676 viro
1430 1609 1557 1675 domino
1574 1609 1759 1691 Ludewico,
1778 1612 1859 1676 duce

206 1721 369 1803 Bawarie,
395 1720 479 1787 Reni
504 1720 620 1787 comite
644 1719 802 1801 palatino,
828 1718 897 1784 iure
922 1737 961 1783 ac
986 1718 1081 1783 titulo
1102 1716 1191 1782 feodi
1206 1716 1418 1798 possedimus,
1444 1720 1529 1798 quod
1546 1716 1860 1783 eciamWernherus

206 1828 308 1907 miles,
333 1827 418 1894 filius
442 1828 569 1895 domine
587 1829 668 1910 Ude,
693 1827 831 1893 ulterius
855 1846 876 1892 a
899 1824 992 1891 nobis
1009 1825 1042 1890 in
1058 1822 1154 1889 feodo
1177 1823 1282 1889 tenuit
1300 1829 1333 1889 et
1349 1824 1504 1906 possedit,
1530 1827 1570 1889 de
1586 1826 1673 1890 bona
1688 1825 1859 1891 voluntate

207 1943 240 2000 et
271 1939 313 2001 ad
338 1935 517 2017 peticiones
545 1935 687 2002 eiusdem
704 1933 877 2001 Wernheri
900 1935 1014 1999 damus
1039 1938 1072 1997 et
1096 1930 1302 1997 concedimus
1326 1930 1536 1996 obtinendum
1560 1938 1593 1997 61
1618 1932 1858 2013 possidendum,

207 2042 436 2123 promittentes
460 2050 493 2109 et
517 2043 725 2126 presentibus
748 2040 884 2107 firmiter
909 2038 993 2126 [nos]
1019 2038 1213 2122 obligantes,
1240 2040 1325 2119 quod
1350 2037 1498 2119 predicto
1523 2038 1650 2103 domino
1672 2038 1858 2121 Ludowico,

206 2149 290 2231 duci,
316 2150 402 2216 Reni
425 2150 534 2217 comiti
557 2149 714 2233 palatino,
740 2156 807 2214 tam
831 2166 891 2213 nos
915 2166 1011 2227 quam
1034 2146 1171 2211 heredes
1195 2145 1300 2211 nostri
1324 2148 1365 2211 ad
1385 2147 1625 2211 observandum
1644 2145 1695 2210 ius
1711 2146 1856 2229 homagii

207 2256 314 2323 nostri
345 2257 476 2324 racione
508 2257 588 2324 dicti
611 2255 699 2323 feodi
730 2254 861 2321 astricti
884 2274 955 2320 esse
980 2254 1128 2321 volumus
1151 2259 1185 2318 et
1209 2254 1372 2333 debemus
1398 2255 1500 2318 donec
1523 2252 1620 2319 iidem
1643 2250 1767 2319 iratres
1792 2261 1860 2319 tam

208 2384 267 2445 per
290 2370 423 2431 nostras
447 2363 577 2431 litteras
602 2384 698 2445 quam
715 2363 857 2429 eiusdem
878 2360 996 2426 domini
1013 2358 1192 2440 Ludowici,
1218 2378 1290 2424 cum
1306 2358 1392 2425 omni
1408 2359 1587 2425 securitate
1603 2366 1637 2425 et
1652 2360 1859 2443 certitudine,

208 2491 305 2551 quam
334 2471 483 2538 invenire
514 2479 547 2537 et
578 2471 766 2553 excogitare
797 2468 942 2551 poterint
970 2475 1003 2533 et
1034 2487 1130 2549 quam
1161 2486 1220 2532 nos
1249 2466 1335 2532 omni
1359 2468 1432 2533 dolo
1457 2467 1587 2533 excluso
1611 2465 1645 2532 in
1669 2466 1802 2548 scriptis
1827 2475 1859 2533 et

208 2578 425 2660 peticionibus
456 2578 578 2645 nostris
609 2580 650 2644 ad
681 2577 785 2659 ipsum
811 2576 973 2641 dominum
1004 2574 1216 2641 Ludowicum
1247 2576 1361 2639 ducem
1391 2574 1506 2654 exequi
1537 2574 1729 2656 poterimus
1763 2595 1861 2656 super

211 2685 404 2751 obtentione
434 2685 605 2751 memorati
635 2684 747 2750 iudicii
777 2691 810 2750 ct
841 2683 903 2749 sibi
934 2682 1150 2749 attinencium
1180 2702 1215 2747 se
1246 2683 1401 2748 roborent
1431 2688 1465 2747 et
1489 2682 1689 2747 confirment.
1737 2683 1860 2748 Datum

208 2812 293 2857 anno
319 2791 439 2858 domini
461 2791 630 2857 millesimo
655 2789 876 2856 ducentesimo
901 2788 1122 2873 octuagesimo
1148 2788 1260 2868 tercio,
1285 2788 1317 2853 in
1335 2788 1449 2871 vigilia
1473 2788 1739 2854 annunciacionis
1763 2791 1860 2855 beate

208 2899 313 2965 llarie
337 2898 484 2982 uirginis.

422 3022 561 3087 dhsdrrist
579 3023 615 3075 im
636 3022 1125 3076 bononorum-Dodonaeum
1144 3020 1230 3088 t221
1237 3032 1258 3072 1.
1302 3019 1342 3074 St.
1355 3021 1390 3074 A.
1403 3019 1549 3090 Stuttpart.
1570 3050 1602 3057 —
1619 3021 1678 3076 Vou
1697 3022 1859 3075 Nuthusr'us.

422 3112 534 3183 Reqrst:
553 3113 635 3180 Buri,
655 3112 852 3178 Burrnsorsteu,
873 3112 914 3164 93.

207 3318 298 3394 476.
322 3327 391 3393 Der
415 3329 511 3394 Prior
535 3329 645 3394 Album}
675 3328 740 3392 trad
763 3328 819 3392 der
842 3326 1202 3393 Dominihuocrhouoent
1223 3348 1265 3389 61(
1288 3324 1472 3407 Froalsurt
1496 3326 1696 3390 berrrhrmdeu
1719 3326 1860 3392 610176(-

325 3438 495 3501 md'chtnr'ss
518 3437 573 3501 des
595 3434 814 3515 Frouhfutter
837 3435 984 3519 Beirpcrs
1007 3434 1160 3499 Berthold
1183 3434 1399 3518 Blosscoherp
1421 3433 1480 3514 fiir
1502 3434 1552 3497 (110
1568 3433 1784 3519 Belcuclduop
1806 3436 1861 3500 (166

324 3542 471 3628 Η6111006
509 3542 764 3608 Krene-Alteros
787 3543 899 3607 iader
922 3540 1266 3606 Domim'lcunerhircho.
1315 3544 1401 3603 1283
1425 3539 1580 3623 rirrprtst.¹

315 3667 381 3733 Nos
405 3666 512 3733 frater
529 3667 686 3733 Albertus
710 3666 800 3748 prior
817 3673 970 3745 totusque
988 3672 1169 3733 conventus
1185 3663 1327 3730 fratrum
1344 3662 1467 3729 ordinis
1483 3663 1729 3729 Predicatorum
1746 3666 1859 3729 domus

208 3773 499 3857 Franklordensis,
525 3794 584 3857 pro
609 3773 755 3856 presenti
778 3772 901 3855 scripto
927 3779 995 3838 tam
1018 3775 1245 3838 modernorum
1270 3791 1365 3851 quam
1390 3777 1604 3853 posterorum,
1623 3770 1739 3851 quibus
1762 3791 1858 3837 nosse

207 3880 310 3947 fuerit
335 3890 539 3963 oportunum,
565 3881 685 3947 noticie
710 3882 923 3962 declaramus
950 3882 1035 3961 quod
1052 3879 1227 3944 Bertoldus
1252 3878 1359 3943 dictus
1375 3878 1606 3961 Blassenberg,
1632 3876 1860 3945 0111611611-

206 3986 372 4054 fordensis
387 3987 493 4055 felicis
510 3988 672 4070 memorie,
686 3994 920 4054 testamentum
932 4005 1025 4053 suum
1042 3986 1147 4051 adbuc
1160 3984 1276 4052 vivens
1293 3991 1326 4050 et
1341 3984 1375 4049 in
1388 3984 1502 4050 ultima
1515 3985 1685 4051 voluntate
1698 3988 1859 4051 decedens

208 4096 322 4162 taliter
346 4094 521 4175 ordinavit,
546 4102 583 4161 ut
599 4115 658 4177 pro
675 4094 816 4160 remedio
834 4094 938 4161 anime
956 4113 1013 4159 sue
1031 4112 1069 4158 ac
1087 4092 1332 4175 progenitorum
1349 4111 1480 4158 suorum
1497 4092 1646 4158 debonis
1663 4092 1858 4175 subscriptis

207 4203 269 4269 sibi
295 4223 315 4268 a
339 4206 397 4269 deo
423 4202 551 4269 collatis
575 4204 615 4267 ob
635 4203 789 4269 honorem
806 4201 859 4267 dei
874 4208 908 4267 et
924 4200 1065 4284 gloriose
1081 4198 1251 4283 genitricis
1268 4219 1325 4265 sue
1342 4202 1384 4265 ad
1400 4202 1660 4265 succendendam
1675 4199 1859 4280 lampadem

205 4318 303 4376 nocte
341 4330 379 4376 ao
412 4310 464 4375 die
497 4328 556 4391 pro
589 4315 749 4392 perpetuo
782 4307 935 4374 luminari
967 4307 1001 4373 in
1033 4306 1173 4372 ecclesia
1202 4313 1318 4372 nostra
1349 4312 1427 4373 ante
1457 4307 1564 4372 altare
1595 4314 1709 4372 sancte
1743 4306 1857 4372 Crucis

206 4416 345 4500 singulis
369 4416 464 4482 annis
488 4418 593 4482 oleum
617 4423 831 4499 comparetur.
873 4416 922 4481 De
947 4418 1049 4496 domo,
1075 4434 1138 4494 que
1162 4413 1228 4479 sita
1251 4420 1302 4479 est
1324 4413 1419 4479 iuxta
1440 4413 1637 4479 institricem
1655 4415 1858 4494 Colnerman,

206 4523 380 4590 solvuntur
411 4523 548 4607 singulis
579 4522 697 4588 annisa
723 4524 829 4588 11110r·
847 4521 943 4587 solidi
972 4520 1054 4587 levis
1085 4526 1224 4587 monete.
1271 4519 1312 4586 In
1343 4520 1393 4586 die
1429 4522 1661 4603 penthecostes
1692 4521 1860 4585 Arnoldus

207 4633 248 4695 de
273 4630 444 4713 Glouburg
474 4633 513 4695 de
543 4629 673 4695 dimidio
704 4649 828 4711 manso,
855 4648 949 4709 quem
980 4624 1219 4713 conparuittl)b
1235 4646 1316 4710 erga
1338 4627 1506 4693 Willerum
1535 4630 1574 4693 de
1598 4626 1736 4709 Lindon,
1761 4627 1860 4693 solvit

206 4736 378 4802 annuatim
411 4736 551 4818 quinque
582 4737 702 4803 solidos
732 4736 827 4804 leves.
887 4737 928 4801 In
958 4735 1009 4801 die
1040 4734 1228 4801 nativitatis
1259 4736 1356 4799 beate
1387 4733 1525 4817 virginis
1556 4737 1596 4799 de
1627 4737 1720 4799 domo
1751 4733 1861 4801 vicina

207 4845 359 4909 Conrado
389 4844 484 4910 iuxta
511 4844 626 4927 lacum,
652 4844 708 4925 qui
738 4843 922 4926 vulgariter
953 4841 1008 4924 piri
1038 4848 1256 4923 nuncupatur,
1288 4840 1421 4922 quidam
1451 4840 1556 4922 pistor
1587 4840 1686 4907 solvit
1718 4847 1860 4922 quatuor

206 4950 330 5017 sohdos
353 4950 473 5018 levium
495 4950 528 5016 in
551 4949 638 5017 16610
662 4949 819 5032 predicto.
867 4951 951 5015 Item
976 4950 1127 5032 Cengelo,
1152 4948 1290 5013 maritus
1314 4948 1483 5013 cuiusdam
1507 4946 1626 5013 lendne
1650 4948 1736 5013 dicte
1757 4949 1858 5029 Rosa,

206 5057 308 5124 601111
332 5057 501 5123 annuatim
525 5058 665 5140 quinque
690 5056 810 5122 solidos
833 5056 915 5124 levis
939 5062 1068 5121 monete
1092 5058 1132 5121 de
1156 5058 1295 5136 quodam
1319 5062 1401 5121 orto.
1448 5057 1487 5120 In
1518 5053 1604 5122 festo
1627 5054 1764 5120 Martini
1788 5075 1861 5136 pre-

206 5162 298 5230 fatos
328 5184 445 5230 census
470 5162 565 5231 tha
588 5170 621 5230 et
645 5164 813 5229 diethildis
843 5162 993 5247 beggine,
1026 5160 1268 5245 consanguinee
1299 5162 1482 5244 supradicti
1504 5162 1676 5228 Bertholdi
1699 5160 1856 5243 defuncti,

205 5270 362 5351 quamdiu
385 5271 538 5352 vinerint,
565 5270 721 5354 coIngnt
745 5270 920 5353 diligenter
945 5277 978 5335 61
1002 5273 1041 5335 (16
1059 5270 1129 5335 0160
1147 5267 1278 5350 0161610
1294 5270 1455 5350 lampadis
1471 5269 1613 5335 fideliter
1627 5270 1856 5352 providebunt,

204 5378 256 5443 ita
286 5380 372 5458 quod
403 5378 431 5443 si
461 5380 500 5443 de
532 5378 602 5443 oleo
625 5377 689 5443 iam
714 5376 810 5442 dictis
834 5377 985 5443 censibus
1010 5382 1198 5458 comparato
1223 5376 1395 5457 quicquam
1420 5376 1579 5460 contingit
1604 5396 1785 5458 superesse,
1811 5378 1854 5441 ad

476 5557 500 5597 al
516 5552 580 5597 Vorl.
591 5552 683 5605 ¹oleum
698 5556 845 5607 conparare“
859 5552 952 5606 0611101.
982 5554 1005 5605 1))
1021 5552 1130 5596 Ebenso:
1144 5552 1183 5604 ,ln
1196 5552 1237 5594 dio
1251 5554 1425 5605 pentocostes«.

263 5696 272 5729 ¹
292 5697 348 5751 Die
374 5698 415 5751 bei
433 5699 467 5751 B.
486 5716 522 5752 66
541 5701 611 5752 1283
628 5699 713 5768 April
731 5702 766 5753 12
789 5698 933 5769 0601100116
956 5698 1006 5752 Ur·-

205 5786 540 5842 1666666166016661
560 5790 629 5842 1284
650 5790 733 5857 April
752 5792 793 5841 12,
