<?xml version="1.0" encoding="UTF-8"?>
<!DOCTYPE html PUBLIC "-//W3C//DTD XHTML 1.0 Transitional//EN"
    "http://www.w3.org/TR/xhtml1/DTD/xhtml1-transitional.dtd">
<html xmlns="http://www.w3.org/1999/xhtml" xml:lang="en" lang="en">
 <head>
  <title>
</title>
<meta http-equiv="Content-Type" content="text/html;charset=utf-8" />
  <meta name='ocr-system' content='tesseract 3.04.00' />
  <meta name='ocr-capabilities' content='ocr_page ocr_carea ocr_par ocr_line ocrx_word'/>
</head>
<body>
  <div class='ocr_page' id='page_1' title='image "./codexdiplomatic00nathgoog_0111.png"; bbox 0 0 4400 6384; ppageno 0'>
   <div class='ocr_carea' id='block_1_1' title="bbox 846 312 1821 379">
    <p class='ocr_par' dir='ltr' id='par_1_1' title="bbox 846 312 1821 379">
     <span class='ocr_line' id='line_1_1' title="bbox 846 312 1821 379; baseline -0.002 -12"><span class='ocrx_word' id='word_1_1' title='bbox 846 313 915 367; x_wconf 79' lang='lat'>1255</span> <span class='ocrx_word' id='word_1_2' title='bbox 934 312 1084 367; x_wconf 83' lang='lat' dir='ltr'>November</span> <span class='ocrx_word' id='word_1_3' title='bbox 1104 313 1145 366; x_wconf 91' lang='lat'>10.</span> <span class='ocrx_word' id='word_1_4' title='bbox 1778 315 1821 379; x_wconf 82' lang='lat'>95</span> 
     </span>
    </p>
   </div>
   <div class='ocr_carea' id='block_1_2' title="bbox 164 508 1822 1236">
    <p class='ocr_par' dir='ltr' id='par_1_2' title="bbox 164 508 1822 1236">
     <span class='ocr_line' id='line_1_2' title="bbox 166 508 1822 593; baseline -0.002 -16"><span class='ocrx_word' id='word_1_5' title='bbox 166 512 208 577; x_wconf 73' lang='lat' dir='ltr'>A.</span> <span class='ocrx_word' id='word_1_6' title='bbox 238 515 278 577; x_wconf 93' lang='lat' dir='ltr'>de</span> <span class='ocrx_word' id='word_1_7' title='bbox 302 511 499 593; x_wconf 88' lang='lat' dir='ltr'>Waldecke,</span> <span class='ocrx_word' id='word_1_8' title='bbox 534 508 713 592; x_wconf 88' lang='lat' dir='ltr'>imperialis</span> <span class='ocrx_word' id='word_1_9' title='bbox 753 511 826 576; x_wconf 90' lang='lat' dir='ltr'>aule</span> <span class='ocrx_word' id='word_1_10' title='bbox 864 509 1063 591; x_wconf 90' lang='lat' dir='ltr'>iusticiario,</span> <span class='ocrx_word' id='word_1_11' title='bbox 1099 510 1194 575; x_wconf 89' lang='lat' dir='ltr'>firma</span> <span class='ocrx_word' id='word_1_12' title='bbox 1230 530 1295 592; x_wconf 84' lang='lat' dir='ltr'>pax</span> <span class='ocrx_word' id='word_1_13' title='bbox 1330 516 1364 575; x_wconf 90' lang='lat' dir='ltr'>et</span> <span class='ocrx_word' id='word_1_14' title='bbox 1400 517 1515 593; x_wconf 81' lang='lat' dir='ltr'>treuge</span> <span class='ocrx_word' id='word_1_15' title='bbox 1550 508 1686 575; x_wconf 87' lang='lat' dir='ltr'>stabiles</span> <span class='ocrx_word' id='word_1_16' title='bbox 1724 528 1822 591; x_wconf 91' lang='lat' dir='ltr'>super</span> 
     </span>
     <span class='ocr_line' id='line_1_3' title="bbox 167 615 1822 701; baseline -0.002 -17"><span class='ocrx_word' id='word_1_17' title='bbox 167 618 333 685; x_wconf 92' lang='lat' dir='ltr'>universis</span> <span class='ocrx_word' id='word_1_18' title='bbox 356 618 485 701; x_wconf 87' lang='lat' dir='ltr'>guerris</span> <span class='ocrx_word' id='word_1_19' title='bbox 508 624 542 684; x_wconf 93' lang='lat' dir='ltr'>et</span> <span class='ocrx_word' id='word_1_20' title='bbox 565 617 736 683; x_wconf 83' lang='lat' dir='ltr'>discordiis</span> <span class='ocrx_word' id='word_1_21' title='bbox 761 623 837 681; x_wconf 89' lang='lat' dir='ltr'>sunt</span> <span class='ocrx_word' id='word_1_22' title='bbox 864 623 999 682; x_wconf 87' lang='lat' dir='ltr'>statute.</span> <span class='ocrx_word' id='word_1_23' title='bbox 1047 619 1258 700; x_wconf 81' lang='lat' dir='ltr'>Quapropter</span> <span class='ocrx_word' id='word_1_24' title='bbox 1286 616 1493 683; x_wconf 89' lang='lat' dir='ltr'>maiestatem</span> <span class='ocrx_word' id='word_1_25' title='bbox 1523 622 1668 683; x_wconf 88' lang='lat' dir='ltr'>vestram</span> <span class='ocrx_word' id='word_1_26' title='bbox 1697 615 1822 699; x_wconf 87' lang='lat' dir='ltr'>regiam</span> 
     </span>
     <span class='ocr_line' id='line_1_4' title="bbox 166 721 1822 805; baseline -0.002 -14"><span class='ocrx_word' id='word_1_27' title='bbox 166 724 334 791; x_wconf 90' lang='lat' dir='ltr'>humiliter</span> <span class='ocrx_word' id='word_1_28' title='bbox 366 744 539 791; x_wconf 84' lang='lat' dir='ltr'>exoramus</span> <span class='ocrx_word' id='word_1_29' title='bbox 571 731 605 790; x_wconf 95' lang='lat' dir='ltr'>et</span> <span class='ocrx_word' id='word_1_30' title='bbox 635 723 842 803; x_wconf 75' lang='lat' dir='ltr'>consulimus</span> <span class='ocrx_word' id='word_1_31' title='bbox 876 730 1033 804; x_wconf 90' lang='lat' dir='ltr'>quantum</span> <span class='ocrx_word' id='word_1_32' title='bbox 1064 723 1152 805; x_wconf 87' lang='lat' dir='ltr'>licet,</span> <span class='ocrx_word' id='word_1_33' title='bbox 1187 731 1348 804; x_wconf 91' lang='lat' dir='ltr'>quatenus</span> <span class='ocrx_word' id='word_1_34' title='bbox 1381 743 1494 805; x_wconf 84' lang='lat' dir='ltr'>pacem</span> <span class='ocrx_word' id='word_1_35' title='bbox 1527 729 1615 788; x_wconf 90' lang='lat' dir='ltr'>terre</span> <span class='ocrx_word' id='word_1_36' title='bbox 1645 721 1822 788; x_wconf 78' lang='lat' dir='ltr'>salubriter</span> 
     </span>
     <span class='ocr_line' id='line_1_5' title="bbox 165 830 1821 914; baseline -0.002 -17"><span class='ocrx_word' id='word_1_37' title='bbox 165 832 356 897; x_wconf 79' lang='lat' dir='ltr'>inchoatam</span> <span class='ocrx_word' id='word_1_38' title='bbox 379 851 439 913; x_wconf 90' lang='lat' dir='ltr'>per</span> <span class='ocrx_word' id='word_1_39' title='bbox 460 832 591 897; x_wconf 90' lang='lat' dir='ltr'>litteras</span> <span class='ocrx_word' id='word_1_40' title='bbox 614 830 877 914; x_wconf 90' lang='lat' dir='ltr'>magnipotencie</span> <span class='ocrx_word' id='word_1_41' title='bbox 893 837 1004 897; x_wconf 85' lang='lat' dir='ltr'>vestre</span> <span class='ocrx_word' id='word_1_42' title='bbox 1020 830 1085 896; x_wconf 89' lang='lat' dir='ltr'>iam</span> <span class='ocrx_word' id='word_1_43' title='bbox 1101 830 1278 914; x_wconf 84' lang='lat' dir='ltr'>dignemini</span> <span class='ocrx_word' id='word_1_44' title='bbox 1293 831 1494 911; x_wconf 89' lang='lat' dir='ltr'>confirmare,</span> <span class='ocrx_word' id='word_1_45' title='bbox 1520 850 1557 896; x_wconf 89' lang='lat' dir='ltr'>eo</span> <span class='ocrx_word' id='word_1_46' title='bbox 1574 832 1659 911; x_wconf 91' lang='lat' dir='ltr'>quod</span> <span class='ocrx_word' id='word_1_47' title='bbox 1676 835 1821 895; x_wconf 90' lang='lat' dir='ltr'>vestrum</span> 
     </span>
     <span class='ocr_line' id='line_1_6' title="bbox 165 937 1821 1021; baseline -0.001 -18"><span class='ocrx_word' id='word_1_48' title='bbox 165 942 377 1021; x_wconf 89' lang='lat' dir='ltr'>commodum,</span> <span class='ocrx_word' id='word_1_49' title='bbox 402 938 589 1019; x_wconf 81' lang='lat' dir='ltr'>utilitatem,</span> <span class='ocrx_word' id='word_1_50' title='bbox 614 938 754 1004; x_wconf 91' lang='lat' dir='ltr'>salutem</span> <span class='ocrx_word' id='word_1_51' title='bbox 775 937 954 1019; x_wconf 87' lang='lat' dir='ltr'>importare</span> <span class='ocrx_word' id='word_1_52' title='bbox 978 937 1158 1003; x_wconf 88' lang='lat' dir='ltr'>dinoscitur</span> <span class='ocrx_word' id='word_1_53' title='bbox 1180 944 1214 1003; x_wconf 90' lang='lat' dir='ltr'>et</span> <span class='ocrx_word' id='word_1_54' title='bbox 1235 938 1406 1019; x_wconf 81' lang='lat' dir='ltr'>honorem3</span> <span class='ocrx_word' id='word_1_55' title='bbox 1432 937 1582 1018; x_wconf 72' lang='lat' dir='ltr'>scientes</span> <span class='ocrx_word' id='word_1_56' title='bbox 1610 940 1695 1016; x_wconf 92' lang='lat' dir='ltr'>quod</span> <span class='ocrx_word' id='word_1_57' title='bbox 1710 941 1821 1002; x_wconf 84' lang='lat' dir='ltr'>vestre</span> 
     </span>
     <span class='ocr_line' id='line_1_7' title="bbox 166 1042 1822 1128; baseline -0.001 -17"><span class='ocrx_word' id='word_1_58' title='bbox 166 1045 358 1112; x_wconf 90' lang='lat' dir='ltr'>serenitatis</span> <span class='ocrx_word' id='word_1_59' title='bbox 382 1048 560 1112; x_wconf 91' lang='lat' dir='ltr'>adventum</span> <span class='ocrx_word' id='word_1_60' title='bbox 582 1044 676 1110; x_wconf 89' lang='lat' dir='ltr'>nobis</span> <span class='ocrx_word' id='word_1_61' title='bbox 700 1043 863 1110; x_wconf 86' lang='lat' dir='ltr'>salubrem</span> <span class='ocrx_word' id='word_1_62' title='bbox 887 1047 930 1111; x_wconf 90' lang='lat' dir='ltr'>ad</span> <span class='ocrx_word' id='word_1_63' title='bbox 954 1051 1066 1126; x_wconf 92' lang='lat' dir='ltr'>partes</span> <span class='ocrx_word' id='word_1_64' title='bbox 1090 1050 1222 1109; x_wconf 89' lang='lat' dir='ltr'>nostras</span> <span class='ocrx_word' id='word_1_65' title='bbox 1247 1064 1319 1109; x_wconf 90' lang='lat' dir='ltr'>cum</span> <span class='ocrx_word' id='word_1_66' title='bbox 1341 1042 1469 1128; x_wconf 84' lang='lat' dir='ltr'>ingenti</span> <span class='ocrx_word' id='word_1_67' title='bbox 1483 1043 1644 1110; x_wconf 87' lang='lat' dir='ltr'>desiderio</span> <span class='ocrx_word' id='word_1_68' title='bbox 1661 1043 1822 1125; x_wconf 88' lang='lat' dir='ltr'>prestola-</span> 
     </span>
     <span class='ocr_line' id='line_1_8' title="bbox 164 1151 1246 1236; baseline -0.003 -17"><span class='ocrx_word' id='word_1_69' title='bbox 164 1174 248 1220; x_wconf 91' lang='lat' dir='ltr'>mur.</span> <span class='ocrx_word' id='word_1_70' title='bbox 296 1154 419 1219; x_wconf 90' lang='lat' dir='ltr'>Datum</span> <span class='ocrx_word' id='word_1_71' title='bbox 444 1155 532 1235; x_wconf 89' lang='lat' dir='ltr'>apud</span> <span class='ocrx_word' id='word_1_72' title='bbox 555 1151 773 1236; x_wconf 87' lang='lat' dir='ltr'>Magunciam,</span> <span class='ocrx_word' id='word_1_73' title='bbox 798 1151 914 1218; x_wconf 90' lang='lat' dir='ltr'>ultima</span> <span class='ocrx_word' id='word_1_74' title='bbox 937 1152 989 1217; x_wconf 92' lang='lat' dir='ltr'>die</span> <span class='ocrx_word' id='word_1_75' title='bbox 1013 1152 1133 1218; x_wconf 83' lang='lat' dir='ltr'>mensis</span> <span class='ocrx_word' id='word_1_76' title='bbox 1155 1151 1246 1217; x_wconf 91' lang='lat' dir='ltr'>iunii.</span> 
     </span>
    </p>
   </div>
   <div class='ocr_carea' id='block_1_3' title="bbox 383 1293 1822 1526">
    <p class='ocr_par' dir='ltr' id='par_1_3' title="bbox 383 1293 1822 1526">
     <span class='ocr_line' id='line_1_9' title="bbox 383 1293 1822 1361; baseline -0.001 -12"><span class='ocrx_word' id='word_1_77' title='bbox 383 1296 482 1349; x_wconf 79' lang='lat' dir='ltr'>Gedr:</span> <span class='ocrx_word' id='word_1_78' title='bbox 499 1296 584 1361; x_wconf 80' lang='lat' dir='ltr'>Belca,</span> <span class='ocrx_word' id='word_1_79' title='bbox 604 1296 643 1348; x_wconf 86' lang='lat' dir='ltr'>ed.</span> <span class='ocrx_word' id='word_1_80' title='bbox 657 1295 811 1361; x_wconf 76' lang='lat' dir='ltr'>Barbetium,</span> <span class='ocrx_word' id='word_1_81' title='bbox 830 1300 866 1351; x_wconf 82' lang='lat'>80</span> <span class='ocrx_word' id='word_1_82' title='bbox 881 1319 913 1340; x_wconf 92' lang='lat'><strong><em>=</em></strong></span> <span class='ocrx_word' id='word_1_83' title='bbox 927 1296 970 1361; x_wconf 84' lang='lat' dir='ltr'>B,</span> <span class='ocrx_word' id='word_1_84' title='bbox 992 1299 1032 1348; x_wconf 87' lang='lat'>95.</span> <span class='ocrx_word' id='word_1_85' title='bbox 1053 1295 1129 1347; x_wconf 81' lang='lat' dir='ltr'>Mon.</span> <span class='ocrx_word' id='word_1_86' title='bbox 1145 1294 1233 1347; x_wconf 84' lang='lat' dir='ltr'>Germ.</span> <span class='ocrx_word' id='word_1_87' title='bbox 1253 1294 1290 1346; x_wconf 72' lang='lat'>4⁰.</span> <span class='ocrx_word' id='word_1_88' title='bbox 1312 1294 1433 1361; x_wconf 73' lang='lat' dir='ltr'>Constet,</span> <span class='ocrx_word' id='word_1_89' title='bbox 1451 1293 1505 1361; x_wconf 79' lang='lat' dir='ltr'>II,</span> <span class='ocrx_word' id='word_1_90' title='bbox 1524 1297 1584 1347; x_wconf 75' lang='lat'><strong><em>592.</em></strong></span> <span class='ocrx_word' id='word_1_91' title='bbox 1620 1294 1692 1346; x_wconf 83' lang='lat' dir='ltr'>Hier</span> <span class='ocrx_word' id='word_1_92' title='bbox 1715 1294 1822 1347; x_wconf 83' lang='lat' dir='ltr'>danocb</span> 
     </span>
     <span class='ocr_line' id='line_1_10' title="bbox 434 1384 595 1438; baseline -0.006 -1"><span class='ocrx_word' id='word_1_93' title='bbox 434 1384 595 1438; x_wconf 82' lang='lat' dir='ltr'>wiederbolt.</span> 
     </span>
     <span class='ocr_line' id='line_1_11' title="bbox 387 1473 783 1526; baseline -0.003 0"><span class='ocrx_word' id='word_1_94' title='bbox 387 1473 478 1526; x_wconf 72' lang='lat' dir='ltr'>Vera:</span> <span class='ocrx_word' id='word_1_95' title='bbox 497 1473 599 1526; x_wconf 89' lang='lat' dir='ltr'><em>B.·W.</em></span> <span class='ocrx_word' id='word_1_96' title='bbox 621 1474 673 1526; x_wconf 85' lang='lat' dir='ltr'>Nc.</span> <span class='ocrx_word' id='word_1_97' title='bbox 688 1476 783 1526; x_wconf 75' lang='lat'><em>11720.</em></span> 
     </span>
    </p>
   </div>
   <div class='ocr_carea' id='block_1_4' title="bbox 165 1688 1824 1885">
    <p class='ocr_par' dir='ltr' id='par_1_4' title="bbox 165 1688 1824 1885">
     <span class='ocr_line' id='line_1_12' title="bbox 165 1688 1824 1781; baseline -0.002 -16"><span class='ocrx_word' id='word_1_98' title='bbox 165 1688 260 1765; x_wconf 74' lang='grc'><strong>197.</strong></span> <span class='ocrx_word' id='word_1_99' title='bbox 284 1698 394 1781; x_wconf 69' lang='lat' dir='ltr'>Krtbtp</span> <span class='ocrx_word' id='word_1_100' title='bbox 421 1698 564 1763; x_wconf 77' lang='lat' dir='ltr'>Wllbcbrt</span> <span class='ocrx_word' id='word_1_101' title='bbox 587 1697 769 1780; x_wconf 77' lang='lat' dir='ltr'>lrrunftrupt</span> <span class='ocrx_word' id='word_1_102' title='bbox 792 1700 841 1762; x_wconf 74' lang='lat' dir='ltr'>(lie</span> <span class='ocrx_word' id='word_1_103' title='bbox 865 1700 1095 1763; x_wconf 77' lang='lat' dir='ltr'>Scbrrltbrisscc</span> <span class='ocrx_word' id='word_1_104' title='bbox 1122 1701 1157 1761; x_wconf 83' lang='lat' dir='ltr'>im</span> <span class='ocrx_word' id='word_1_105' title='bbox 1183 1698 1371 1778; x_wconf 75' lang='lat' dir='ltr'>Opqrmebrim</span> <span class='ocrx_word' id='word_1_106' title='bbox 1401 1697 1467 1759; x_wconf 63' lang='lat' dir='ltr'>arrad</span> <span class='ocrx_word' id='word_1_107' title='bbox 1497 1700 1531 1759; x_wconf 82' lang='lat' dir='ltr'>r&#39;rr</span> <span class='ocrx_word' id='word_1_108' title='bbox 1553 1696 1588 1759; x_wconf 88' lang='lat' dir='ltr'><em>F</em></span> <span class='ocrx_word' id='word_1_109' title='bbox 1587 1698 1738 1776; x_wconf 71' lang='lat' dir='ltr'>renhliut</span> <span class='ocrx_word' id='word_1_110' title='bbox 1768 1700 1824 1761; x_wconf 81' lang='lat' dir='ltr'>ruit</span> 
     </span>
     <span class='ocr_line' id='line_1_13' title="bbox 284 1803 1821 1885; baseline 0 -16"><span class='ocrx_word' id='word_1_111' title='bbox 284 1806 353 1869; x_wconf 78' lang='lat' dir='ltr'>clera</span> <span class='ocrx_word' id='word_1_112' title='bbox 377 1806 508 1870; x_wconf 68' lang='lat' dir='ltr'>Satira</span> <span class='ocrx_word' id='word_1_113' title='bbox 537 1806 592 1869; x_wconf 80' lang='lat' dir='ltr'>der</span> <span class='ocrx_word' id='word_1_114' title='bbox 615 1806 729 1868; x_wconf 84' lang='lat' dir='ltr'>Rcobte</span> <span class='ocrx_word' id='word_1_115' title='bbox 758 1806 812 1869; x_wconf 84' lang='lat' dir='ltr'>des</span> <span class='ocrx_word' id='word_1_116' title='bbox 836 1805 985 1869; x_wconf 81' lang='lat' dir='ltr'>Kloslcrs</span> <span class='ocrx_word' id='word_1_117' title='bbox 1009 1805 1169 1869; x_wconf 80' lang='lat' dir='ltr'>Ebcrhecl</span> <span class='ocrx_word' id='word_1_118' title='bbox 1180 1856 1186 1868; x_wconf 93' lang='lat'><strong>.</strong></span> <span class='ocrx_word' id='word_1_119' title='bbox 1237 1804 1435 1885; x_wconf 71' lang='lat' dir='ltr'>Opprcmhcim,</span> <span class='ocrx_word' id='word_1_120' title='bbox 1462 1808 1548 1867; x_wconf 77' lang='lat'><strong><em>1255</em></strong></span> <span class='ocrx_word' id='word_1_121' title='bbox 1572 1803 1746 1867; x_wconf 71' lang='lat' dir='ltr'>November</span> <span class='ocrx_word' id='word_1_122' title='bbox 1770 1809 1821 1869; x_wconf 86' lang='lat'>10.</span> 
     </span>
    </p>
   </div>
   <div class='ocr_carea' id='block_1_5' title="bbox 344 1891 354 1909">
    <p class='ocr_par' dir='ltr' id='par_1_5' title="bbox 344 1891 354 1909">
     <span class='ocr_line' id='line_1_14' title="bbox 344 1891 354 1909; baseline 0 0"><span class='ocrx_word' id='word_1_123' title='bbox 344 1891 354 1909; x_wconf 81' lang='lat'><em>0</em></span> 
     </span>
    </p>
   </div>
   <div class='ocr_carea' id='block_1_6' title="bbox 287 1912 1787 2122">
    <p class='ocr_par' dir='ltr' id='par_1_6' title="bbox 287 1912 1787 2122">
     <span class='ocr_line' id='line_1_15' title="bbox 287 1912 573 1994; baseline 0 -19"><span class='ocrx_word' id='word_1_124' title='bbox 287 1912 394 1988; x_wconf 76' lang='grc' dir='ltr'><strong><em>(ΗΠ.</em></strong></span> <span class='ocrx_word' id='word_1_125' title='bbox 420 1912 462 1975; x_wconf 67' lang='lat' dir='ltr'>aa.</span> <span class='ocrx_word' id='word_1_126' title='bbox 487 1914 573 1994; x_wconf 71' lang='lat' dir='ltr'>nom</span> 
     </span>
     <span class='ocr_line' id='line_1_16' title="bbox 387 2050 1787 2122; baseline -0.001 -16"><span class='ocrx_word' id='word_1_127' title='bbox 387 2054 480 2107; x_wconf 72' lang='lat' dir='ltr'>Vera:</span> <span class='ocrx_word' id='word_1_128' title='bbox 497 2054 582 2107; x_wconf 82' lang='lat' dir='ltr'><em>B.·F.</em></span> <span class='ocrx_word' id='word_1_129' title='bbox 602 2054 655 2107; x_wconf 90' lang='lat' dir='ltr'>No.</span> <span class='ocrx_word' id='word_1_130' title='bbox 670 2057 748 2122; x_wconf 79' lang='lat'>5284,</span> <span class='ocrx_word' id='word_1_131' title='bbox 767 2053 872 2122; x_wconf 77' lang='lat' dir='ltr'>Scribo,</span> <span class='ocrx_word' id='word_1_132' title='bbox 892 2054 917 2119; x_wconf 92' lang='lat' dir='ltr'>I,</span> <span class='ocrx_word' id='word_1_133' title='bbox 937 2054 990 2109; x_wconf 89' lang='lat' dir='ltr'>Ne.</span> <span class='ocrx_word' id='word_1_134' title='bbox 1005 2056 1065 2117; x_wconf 79' lang='lat'>407,</span> <span class='ocrx_word' id='word_1_135' title='bbox 1085 2053 1239 2105; x_wconf 82' lang='lat' dir='ltr'>ausserdem</span> <span class='ocrx_word' id='word_1_136' title='bbox 1256 2052 1331 2120; x_wconf 77' lang='lat' dir='ltr'>pedr.</span> <span class='ocrx_word' id='word_1_137' title='bbox 1351 2052 1388 2105; x_wconf 86' lang='lat' dir='ltr'>im</span> <span class='ocrx_word' id='word_1_138' title='bbox 1407 2052 1549 2122; x_wconf 78' lang='lat' dir='ltr'>Ausaupe:</span> <span class='ocrx_word' id='word_1_139' title='bbox 1567 2050 1663 2118; x_wconf 79' lang='lat' dir='ltr'>Sarrer,</span> <span class='ocrx_word' id='word_1_140' title='bbox 1682 2052 1707 2118; x_wconf 91' lang='lat' dir='ltr'>I,</span> <span class='ocrx_word' id='word_1_141' title='bbox 1727 2056 1787 2106; x_wconf 80' lang='grc'><em>388.</em></span> 
     </span>
    </p>
   </div>
   <div class='ocr_carea' id='block_1_7' title="bbox 167 2249 1824 2558">
    <p class='ocr_par' dir='ltr' id='par_1_7' title="bbox 167 2249 1824 2558">
     <span class='ocr_line' id='line_1_17' title="bbox 167 2249 1824 2344; baseline -0.002 -19"><span class='ocrx_word' id='word_1_142' title='bbox 167 2249 261 2325; x_wconf 83' lang='grc'><strong>198.</strong></span> <span class='ocrx_word' id='word_1_143' title='bbox 284 2259 433 2324; x_wconf 83' lang='lat' dir='ltr'>Dersclbe</span> <span class='ocrx_word' id='word_1_144' title='bbox 458 2261 600 2344; x_wconf 74' lang='lat' dir='ltr'>besrcupt</span> <span class='ocrx_word' id='word_1_145' title='bbox 623 2262 683 2325; x_wconf 83' lang='lat' dir='ltr'>dem</span> <span class='ocrx_word' id='word_1_146' title='bbox 706 2282 774 2325; x_wconf 82' lang='lat' dir='ltr'>eorm</span> <span class='ocrx_word' id='word_1_147' title='bbox 797 2260 1007 2325; x_wconf 79' lang='lat' dir='ltr'>ltlmimischen</span> <span class='ocrx_word' id='word_1_148' title='bbox 1031 2261 1224 2324; x_wconf 77' lang='lat' dir='ltr'>Stitrllebuml</span> <span class='ocrx_word' id='word_1_149' title='bbox 1251 2259 1486 2342; x_wconf 76' lang='lat' dir='ltr'>pescblossehem</span> <span class='ocrx_word' id='word_1_150' title='bbox 1508 2257 1729 2338; x_wconf 79' lang='lat' dir='ltr'>Lemdfrr&#39;edra</span> <span class='ocrx_word' id='word_1_151' title='bbox 1757 2258 1824 2321; x_wconf 72' lang='lat' dir='ltr'>mm</span> 
     </span>
     <span class='ocr_line' id='line_1_18' title="bbox 286 2364 1823 2452; baseline -0.003 -21"><span class='ocrx_word' id='word_1_152' title='bbox 286 2368 388 2432; x_wconf 79' lang='lat' dir='ltr'>rrrdcbl</span> <span class='ocrx_word' id='word_1_153' title='bbox 419 2372 474 2432; x_wconf 78' lang='lat' dir='ltr'>urit</span> <span class='ocrx_word' id='word_1_154' title='bbox 496 2367 730 2452; x_wconf 74' lang='lat' dir='ltr'>Eirrreillipumq</span> <span class='ocrx_word' id='word_1_155' title='bbox 760 2369 815 2432; x_wconf 80' lang='lat' dir='ltr'>der</span> <span class='ocrx_word' id='word_1_156' title='bbox 839 2368 948 2432; x_wconf 84' lang='lat' dir='ltr'>Herra</span> <span class='ocrx_word' id='word_1_157' title='bbox 977 2368 1043 2431; x_wconf 79' lang='lat' dir='ltr'>aad</span> <span class='ocrx_word' id='word_1_158' title='bbox 1073 2368 1181 2431; x_wconf 75' lang='lat' dir='ltr'>Serme</span> <span class='ocrx_word' id='word_1_159' title='bbox 1213 2366 1423 2430; x_wconf 78' lang='lat' dir='ltr'>cersobe&#39;edeme</span> <span class='ocrx_word' id='word_1_160' title='bbox 1450 2367 1632 2449; x_wconf 69' lang='lat' dir='ltr'>Satzumgem</span> <span class='ocrx_word' id='word_1_161' title='bbox 1660 2386 1720 2427; x_wconf 73' lang='lat' dir='ltr'>aar</span> <span class='ocrx_word' id='word_1_162' title='bbox 1747 2364 1823 2428; x_wconf 85' lang='lat' dir='ltr'>Ver-</span> 
     </span>
     <span class='ocr_line' id='line_1_19' title="bbox 286 2474 1409 2558; baseline 0 -23"><span class='ocrx_word' id='word_1_163' title='bbox 286 2474 433 2556; x_wconf 79' lang='lat' dir='ltr'>mer&#39;dnmp</span> <span class='ocrx_word' id='word_1_164' title='bbox 457 2496 516 2539; x_wconf 37' lang='lat' dir='ltr'>&#39;rom</span> <span class='ocrx_word' id='word_1_165' title='bbox 539 2476 775 2558; x_wconf 76' lang='lat' dir='ltr'>Streitiqbeilem.</span> <span class='ocrx_word' id='word_1_166' title='bbox 826 2475 1024 2555; x_wconf 75' lang='lat' dir='ltr'>oppenheim,</span> <span class='ocrx_word' id='word_1_167' title='bbox 1051 2478 1136 2537; x_wconf 78' lang='lat'><strong><em>1255</em></strong></span> <span class='ocrx_word' id='word_1_168' title='bbox 1161 2474 1335 2537; x_wconf 75' lang='lat' dir='ltr'>November</span> <span class='ocrx_word' id='word_1_169' title='bbox 1358 2477 1409 2535; x_wconf 86' lang='lat'>10.</span> 
     </span>
    </p>
   </div>
   <div class='ocr_carea' id='block_1_8' title="bbox 105 2612 1862 5589">
    <p class='ocr_par' dir='ltr' id='par_1_8' title="bbox 105 2612 1862 5589">
     <span class='ocr_line' id='line_1_20' title="bbox 278 2612 1824 2699; baseline -0.001 -20"><span class='ocrx_word' id='word_1_170' title='bbox 278 2614 467 2681; x_wconf 86' lang='lat' dir='ltr'>Wilhclmus</span> <span class='ocrx_word' id='word_1_171' title='bbox 498 2616 550 2681; x_wconf 89' lang='lat' dir='ltr'>dei</span> <span class='ocrx_word' id='word_1_172' title='bbox 580 2616 694 2699; x_wconf 87' lang='lat' dir='ltr'>gracia</span> <span class='ocrx_word' id='word_1_173' title='bbox 721 2617 942 2682; x_wconf 89' lang='lat' dir='ltr'>Romanorum</span> <span class='ocrx_word' id='word_1_174' title='bbox 972 2636 1040 2698; x_wconf 86' lang='lat' dir='ltr'>rex,</span> <span class='ocrx_word' id='word_1_175' title='bbox 1073 2635 1201 2699; x_wconf 85' lang='lat' dir='ltr'>semper</span> <span class='ocrx_word' id='word_1_176' title='bbox 1231 2622 1400 2699; x_wconf 89' lang='lat' dir='ltr'>augustus.</span> <span class='ocrx_word' id='word_1_177' title='bbox 1449 2612 1621 2681; x_wconf 86' lang='lat' dir='ltr'>Universis</span> <span class='ocrx_word' id='word_1_178' title='bbox 1653 2620 1824 2695; x_wconf 89' lang='lat' dir='ltr'>presentes</span> 
     </span>
     <span class='ocr_line' id='line_1_21' title="bbox 166 2720 1823 2806; baseline 0 -21"><span class='ocrx_word' id='word_1_179' title='bbox 166 2720 300 2786; x_wconf 89' lang='lat' dir='ltr'>litteras</span> <span class='ocrx_word' id='word_1_180' title='bbox 322 2720 520 2803; x_wconf 90' lang='lat' dir='ltr'>inspecturis</span> <span class='ocrx_word' id='word_1_181' title='bbox 544 2722 671 2789; x_wconf 89' lang='lat' dir='ltr'>dilectis</span> <span class='ocrx_word' id='word_1_182' title='bbox 693 2722 842 2788; x_wconf 87' lang='lat' dir='ltr'>fidelibus</span> <span class='ocrx_word' id='word_1_183' title='bbox 865 2723 933 2788; x_wconf 90' lang='lat' dir='ltr'>suis</span> <span class='ocrx_word' id='word_1_184' title='bbox 949 2721 1096 2806; x_wconf 88' lang='lat' dir='ltr'>graciam</span> <span class='ocrx_word' id='word_1_185' title='bbox 1112 2742 1203 2789; x_wconf 91' lang='lat' dir='ltr'>suam</span> <span class='ocrx_word' id='word_1_186' title='bbox 1221 2730 1254 2790; x_wconf 87' lang='lat' dir='ltr'>et</span> <span class='ocrx_word' id='word_1_187' title='bbox 1271 2742 1363 2789; x_wconf 91' lang='lat' dir='ltr'>omne</span> <span class='ocrx_word' id='word_1_188' title='bbox 1379 2724 1507 2787; x_wconf 93' lang='lat' dir='ltr'>bonum.</span> <span class='ocrx_word' id='word_1_189' title='bbox 1540 2720 1680 2786; x_wconf 87' lang='lat' dir='ltr'>Gracias</span> <span class='ocrx_word' id='word_1_190' title='bbox 1697 2720 1823 2803; x_wconf 88' lang='lat' dir='ltr'>agimus</span> 
     </span>
     <span class='ocr_line' id='line_1_22' title="bbox 105 2827 1823 2913; baseline -0.001 -21"><span class='ocrx_word' id='word_1_191' title='bbox 105 2898 108 2901; x_wconf 60' lang='grc'><strong>,</strong></span> <span class='ocrx_word' id='word_1_192' title='bbox 168 2827 299 2893; x_wconf 91' lang='lat' dir='ltr'>domino</span> <span class='ocrx_word' id='word_1_193' title='bbox 329 2830 390 2893; x_wconf 90' lang='lat' dir='ltr'>deo</span> <span class='ocrx_word' id='word_1_194' title='bbox 421 2838 544 2911; x_wconf 90' lang='lat' dir='ltr'>nostro,</span> <span class='ocrx_word' id='word_1_195' title='bbox 573 2829 759 2913; x_wconf 89' lang='lat' dir='ltr'>graciarum</span> <span class='ocrx_word' id='word_1_196' title='bbox 784 2829 924 2895; x_wconf 91' lang='lat' dir='ltr'>omnium</span> <span class='ocrx_word' id='word_1_197' title='bbox 947 2828 1109 2913; x_wconf 90' lang='lat' dir='ltr'>largitori,</span> <span class='ocrx_word' id='word_1_198' title='bbox 1134 2850 1193 2912; x_wconf 91' lang='lat' dir='ltr'>pro</span> <span class='ocrx_word' id='word_1_199' title='bbox 1218 2850 1265 2911; x_wconf 92' lang='lat' dir='ltr'>eo,</span> <span class='ocrx_word' id='word_1_200' title='bbox 1291 2833 1386 2912; x_wconf 90' lang='lat' dir='ltr'>quod,</span> <span class='ocrx_word' id='word_1_201' title='bbox 1412 2827 1608 2894; x_wconf 88' lang='lat' dir='ltr'>clamoribus</span> <span class='ocrx_word' id='word_1_202' title='bbox 1632 2847 1823 2909; x_wconf 90' lang='lat' dir='ltr'>pauperum,</span> 
     </span>
     <span class='ocr_line' id='line_1_23' title="bbox 167 2922 1823 3019; baseline -0.001 -20"><span class='ocrx_word' id='word_1_203' title='bbox 167 2933 328 3000; x_wconf 91' lang='lat' dir='ltr'>bellorum</span> <span class='ocrx_word' id='word_1_204' title='bbox 352 2941 385 2999; x_wconf 92' lang='lat' dir='ltr'>et</span> <span class='ocrx_word' id='word_1_205' title='bbox 407 2954 601 3017; x_wconf 85' lang='lat' dir='ltr'>guerrarum</span> <span class='ocrx_word' id='word_1_206' title='bbox 625 2936 826 3019; x_wconf 85' lang='lat' dir='ltr'>temporibus</span> <span class='ocrx_word' id='word_1_207' title='bbox 850 2956 890 3002; x_wconf 84' lang='lat' dir='ltr'>ex</span> <span class='ocrx_word' id='word_1_208' title='bbox 914 2922 1090 3003; x_wconf 84' lang='lat' dir='ltr'>affliccione</span> <span class='ocrx_word' id='word_1_209' title='bbox 1116 2937 1271 3004; x_wconf 90' lang='lat' dir='ltr'>continua</span> <span class='ocrx_word' id='word_1_210' title='bbox 1295 2957 1353 3019; x_wconf 90' lang='lat' dir='ltr'>per</span> <span class='ocrx_word' id='word_1_211' title='bbox 1375 2953 1604 3018; x_wconf 90' lang='lat' dir='ltr'>perversorum</span> <span class='ocrx_word' id='word_1_212' title='bbox 1628 2933 1823 2999; x_wconf 86' lang='lat' dir='ltr'>tirannidem</span> 
     </span>
     <span class='ocr_line' id='line_1_24' title="bbox 168 3039 1824 3126; baseline 0.001 -22"><span class='ocrx_word' id='word_1_213' title='bbox 168 3039 401 3106; x_wconf 88' lang='lat' dir='ltr'>miserabiliter</span> <span class='ocrx_word' id='word_1_214' title='bbox 430 3062 669 3125; x_wconf 89' lang='lat' dir='ltr'>oppressorum,</span> <span class='ocrx_word' id='word_1_215' title='bbox 696 3043 816 3110; x_wconf 90' lang='lat' dir='ltr'>auditis</span> <span class='ocrx_word' id='word_1_216' title='bbox 849 3050 986 3126; x_wconf 89' lang='lat' dir='ltr'>paterne</span> <span class='ocrx_word' id='word_1_217' title='bbox 1010 3050 1043 3109; x_wconf 90' lang='lat' dir='ltr'>et</span> <span class='ocrx_word' id='word_1_218' title='bbox 1066 3044 1321 3110; x_wconf 76' lang='lat' dir='ltr'>misericorditer</span> <span class='ocrx_word' id='word_1_219' title='bbox 1350 3041 1523 3123; x_wconf 70' lang='lat' dir='ltr'>exanditis</span> <span class='ocrx_word' id='word_1_220' title='bbox 1551 3040 1824 3122; x_wconf 90' lang='lat' dir='ltr'>tranquillitatem</span> 
     </span>
     <span class='ocr_line' id='line_1_25' title="bbox 169 3146 1824 3235; baseline -0.001 -22"><span class='ocrx_word' id='word_1_221' title='bbox 169 3153 204 3213; x_wconf 92' lang='lat' dir='ltr'>et</span> <span class='ocrx_word' id='word_1_222' title='bbox 221 3166 344 3231; x_wconf 90' lang='lat' dir='ltr'>pacem,</span> <span class='ocrx_word' id='word_1_223' title='bbox 370 3169 432 3230; x_wconf 94' lang='lat' dir='ltr'>que</span> <span class='ocrx_word' id='word_1_224' title='bbox 448 3148 513 3214; x_wconf 89' lang='lat' dir='ltr'>iam</span> <span class='ocrx_word' id='word_1_225' title='bbox 529 3152 648 3216; x_wconf 93' lang='lat' dir='ltr'>dudum</span> <span class='ocrx_word' id='word_1_226' title='bbox 665 3151 795 3217; x_wconf 82' lang='lat' dir='ltr'>exilium</span> <span class='ocrx_word' id='word_1_227' title='bbox 812 3171 911 3233; x_wconf 88' lang='lat' dir='ltr'>passa</span> <span class='ocrx_word' id='word_1_228' title='bbox 927 3159 988 3233; x_wconf 88' lang='lat' dir='ltr'>est,</span> <span class='ocrx_word' id='word_1_229' title='bbox 1012 3151 1166 3235; x_wconf 82' lang='lat' dir='ltr'>largitlua</span> <span class='ocrx_word' id='word_1_230' title='bbox 1182 3171 1239 3217; x_wconf 90' lang='lat' dir='ltr'>sue</span> <span class='ocrx_word' id='word_1_231' title='bbox 1259 3150 1393 3233; x_wconf 91' lang='lat' dir='ltr'>pietatis</span> <span class='ocrx_word' id='word_1_232' title='bbox 1409 3149 1524 3233; x_wconf 88' lang='lat' dir='ltr'>gracia</span> <span class='ocrx_word' id='word_1_233' title='bbox 1539 3168 1598 3229; x_wconf 90' lang='lat' dir='ltr'>per</span> <span class='ocrx_word' id='word_1_234' title='bbox 1609 3146 1824 3213; x_wconf 90' lang='lat' dir='ltr'>ministerium</span> 
     </span>
     <span class='ocr_line' id='line_1_26' title="bbox 169 3252 1824 3340; baseline -0.001 -21"><span class='ocrx_word' id='word_1_235' title='bbox 169 3260 205 3319; x_wconf 93' lang='lat' dir='ltr'>et</span> <span class='ocrx_word' id='word_1_236' title='bbox 231 3254 361 3321; x_wconf 88' lang='lat' dir='ltr'>labores</span> <span class='ocrx_word' id='word_1_237' title='bbox 388 3256 554 3321; x_wconf 90' lang='lat' dir='ltr'>humilium</span> <span class='ocrx_word' id='word_1_238' title='bbox 584 3258 723 3323; x_wconf 82' lang='lat' dir='ltr'>maxime</span> <span class='ocrx_word' id='word_1_239' title='bbox 752 3258 816 3323; x_wconf 91' lang='lat' dir='ltr'>hiis</span> <span class='ocrx_word' id='word_1_240' title='bbox 846 3258 969 3339; x_wconf 74' lang='lat' dir='ltr'>diebus</span> <span class='ocrx_word' id='word_1_241' title='bbox 996 3258 1112 3339; x_wconf 92' lang='lat' dir='ltr'>quibus</span> <span class='ocrx_word' id='word_1_242' title='bbox 1136 3258 1278 3324; x_wconf 88' lang='lat' dir='ltr'>Romani</span> <span class='ocrx_word' id='word_1_243' title='bbox 1308 3256 1402 3340; x_wconf 91' lang='lat' dir='ltr'>regni</span> <span class='ocrx_word' id='word_1_244' title='bbox 1430 3255 1654 3340; x_wconf 88' lang='lat' dir='ltr'>gubernacula</span> <span class='ocrx_word' id='word_1_245' title='bbox 1684 3252 1824 3318; x_wconf 80' lang='lat' dir='ltr'>feliciter</span> 
     </span>
     <span class='ocr_line' id='line_1_27' title="bbox 168 3358 1824 3447; baseline -0.001 -22"><span class='ocrx_word' id='word_1_246' title='bbox 168 3360 364 3445; x_wconf 90' lang='lat' dir='ltr'>obtinemus,</span> <span class='ocrx_word' id='word_1_247' title='bbox 389 3362 583 3430; x_wconf 88' lang='lat' dir='ltr'>miraculose</span> <span class='ocrx_word' id='word_1_248' title='bbox 607 3374 640 3430; x_wconf 92' lang='lat' dir='ltr'>et</span> <span class='ocrx_word' id='word_1_249' title='bbox 664 3371 816 3447; x_wconf 89' lang='lat' dir='ltr'>potenter</span> <span class='ocrx_word' id='word_1_250' title='bbox 839 3364 968 3430; x_wconf 83' lang='lat' dir='ltr'>induxit</span> <span class='ocrx_word' id='word_1_251' title='bbox 992 3371 1025 3431; x_wconf 91' lang='lat' dir='ltr'>et</span> <span class='ocrx_word' id='word_1_252' title='bbox 1049 3364 1188 3430; x_wconf 90' lang='lat' dir='ltr'>contulit</span> <span class='ocrx_word' id='word_1_253' title='bbox 1212 3365 1274 3429; x_wconf 92' lang='lat' dir='ltr'>toti</span> <span class='ocrx_word' id='word_1_254' title='bbox 1297 3365 1415 3431; x_wconf 91' lang='lat' dir='ltr'>mundo</span> <span class='ocrx_word' id='word_1_255' title='bbox 1435 3364 1477 3428; x_wconf 88' lang='lat' dir='ltr'>ad</span> <span class='ocrx_word' id='word_1_256' title='bbox 1492 3362 1622 3427; x_wconf 88' lang='lat' dir='ltr'>laudem</span> <span class='ocrx_word' id='word_1_257' title='bbox 1638 3368 1672 3425; x_wconf 90' lang='lat' dir='ltr'>et</span> <span class='ocrx_word' id='word_1_258' title='bbox 1687 3358 1824 3444; x_wconf 84' lang='lat' dir='ltr'>gloriam</span> 
     </span>
     <span class='ocr_line' id='line_1_28' title="bbox 169 3465 1824 3554; baseline -0.001 -23"><span class='ocrx_word' id='word_1_259' title='bbox 169 3466 223 3532; x_wconf 90' lang='lat' dir='ltr'>sui</span> <span class='ocrx_word' id='word_1_260' title='bbox 245 3468 383 3535; x_wconf 91' lang='lat' dir='ltr'>nominis</span> <span class='ocrx_word' id='word_1_261' title='bbox 407 3488 447 3535; x_wconf 87' lang='lat' dir='ltr'>ae</span> <span class='ocrx_word' id='word_1_262' title='bbox 471 3470 609 3536; x_wconf 91' lang='lat' dir='ltr'>salutem</span> <span class='ocrx_word' id='word_1_263' title='bbox 641 3478 674 3537; x_wconf 93' lang='lat' dir='ltr'>et</span> <span class='ocrx_word' id='word_1_264' title='bbox 706 3475 906 3537; x_wconf 91' lang='lat' dir='ltr'>commodum</span> <span class='ocrx_word' id='word_1_265' title='bbox 930 3471 1035 3538; x_wconf 90' lang='lat' dir='ltr'>tocius</span> <span class='ocrx_word' id='word_1_266' title='bbox 1059 3471 1172 3554; x_wconf 92' lang='lat' dir='ltr'>populi</span> <span class='ocrx_word' id='word_1_267' title='bbox 1194 3469 1375 3537; x_wconf 89' lang='lat' dir='ltr'>christiani.</span> <span class='ocrx_word' id='word_1_268' title='bbox 1423 3470 1491 3535; x_wconf 89' lang='lat' dir='ltr'>Nos</span> <span class='ocrx_word' id='word_1_269' title='bbox 1514 3468 1616 3550; x_wconf 90' lang='lat' dir='ltr'>igitur</span> <span class='ocrx_word' id='word_1_270' title='bbox 1638 3467 1673 3532; x_wconf 92' lang='lat' dir='ltr'>in</span> <span class='ocrx_word' id='word_1_271' title='bbox 1696 3465 1824 3530; x_wconf 93' lang='lat' dir='ltr'>nomine</span> 
     </span>
     <span class='ocr_line' id='line_1_29' title="bbox 169 3571 1824 3661; baseline -0.002 -22"><span class='ocrx_word' id='word_1_272' title='bbox 169 3574 292 3639; x_wconf 91' lang='lat' dir='ltr'>domini</span> <span class='ocrx_word' id='word_1_273' title='bbox 324 3576 430 3641; x_wconf 91' lang='lat' dir='ltr'>nostri</span> <span class='ocrx_word' id='word_1_274' title='bbox 456 3578 560 3643; x_wconf 86' lang='lat' dir='ltr'>Jhesu</span> <span class='ocrx_word' id='word_1_275' title='bbox 585 3578 708 3645; x_wconf 84' lang='lat' dir='ltr'>Christi</span> <span class='ocrx_word' id='word_1_276' title='bbox 740 3599 853 3661; x_wconf 89' lang='lat' dir='ltr'>pacem</span> <span class='ocrx_word' id='word_1_277' title='bbox 884 3579 1106 3645; x_wconf 88' lang='lat' dir='ltr'>instauratam</span> <span class='ocrx_word' id='word_1_278' title='bbox 1138 3578 1316 3644; x_wconf 90' lang='lat' dir='ltr'>salubriter</span> <span class='ocrx_word' id='word_1_279' title='bbox 1344 3583 1378 3642; x_wconf 90' lang='lat' dir='ltr'>et</span> <span class='ocrx_word' id='word_1_280' title='bbox 1407 3575 1554 3641; x_wconf 88' lang='lat' dir='ltr'>consulte</span> <span class='ocrx_word' id='word_1_281' title='bbox 1578 3574 1721 3639; x_wconf 88' lang='lat' dir='ltr'>iuratam</span> <span class='ocrx_word' id='word_1_282' title='bbox 1744 3571 1824 3637; x_wconf 89' lang='lat' dir='ltr'>totis</span> 
     </span>
     <span class='ocr_line' id='line_1_30' title="bbox 169 3679 1826 3767; baseline -0.002 -22"><span class='ocrx_word' id='word_1_283' title='bbox 169 3680 343 3748; x_wconf 80' lang='lat' dir='ltr'>affectibus</span> <span class='ocrx_word' id='word_1_284' title='bbox 366 3690 400 3748; x_wconf 91' lang='lat' dir='ltr'>et</span> <span class='ocrx_word' id='word_1_285' title='bbox 423 3704 504 3765; x_wconf 92' lang='lat' dir='ltr'>puro</span> <span class='ocrx_word' id='word_1_286' title='bbox 529 3689 626 3751; x_wconf 89' lang='lat' dir='ltr'>corde</span> <span class='ocrx_word' id='word_1_287' title='bbox 650 3687 797 3752; x_wconf 89' lang='lat' dir='ltr'>zelantes</span> <span class='ocrx_word' id='word_1_288' title='bbox 821 3687 1020 3752; x_wconf 89' lang='lat' dir='ltr'>auctoritate</span> <span class='ocrx_word' id='word_1_289' title='bbox 1043 3686 1228 3751; x_wconf 87' lang='lat' dir='ltr'>maiestatis</span> <span class='ocrx_word' id='word_1_290' title='bbox 1251 3684 1341 3767; x_wconf 88' lang='lat' dir='ltr'>regie</span> <span class='ocrx_word' id='word_1_291' title='bbox 1365 3684 1601 3763; x_wconf 89' lang='lat' dir='ltr'>confirmamus,</span> <span class='ocrx_word' id='word_1_292' title='bbox 1626 3679 1774 3747; x_wconf 90' lang='lat' dir='ltr'>volentes</span> <span class='ocrx_word' id='word_1_293' title='bbox 1791 3685 1826 3743; x_wconf 93' lang='lat' dir='ltr'>et</span> 
     </span>
     <span class='ocr_line' id='line_1_31' title="bbox 169 3784 1826 3875; baseline -0.002 -23"><span class='ocrx_word' id='word_1_294' title='bbox 169 3787 433 3856; x_wconf 85' lang='lat' dir='ltr'>desiderabiliter</span> <span class='ocrx_word' id='word_1_295' title='bbox 461 3791 664 3875; x_wconf 80' lang='lat' dir='ltr'>affectantes,</span> <span class='ocrx_word' id='word_1_296' title='bbox 690 3800 725 3859; x_wconf 90' lang='lat' dir='ltr'>ut</span> <span class='ocrx_word' id='word_1_297' title='bbox 757 3794 867 3859; x_wconf 91' lang='lat' dir='ltr'>clerici</span> <span class='ocrx_word' id='word_1_298' title='bbox 896 3793 1072 3875; x_wconf 73' lang='lat' dir='ltr'>seculares</span> <span class='ocrx_word' id='word_1_299' title='bbox 1104 3793 1264 3875; x_wconf 89' lang='lat' dir='ltr'>monachi,</span> <span class='ocrx_word' id='word_1_300' title='bbox 1295 3790 1452 3857; x_wconf 89' lang='lat' dir='ltr'>moniales</span> <span class='ocrx_word' id='word_1_301' title='bbox 1476 3797 1510 3855; x_wconf 93' lang='lat' dir='ltr'>et</span> <span class='ocrx_word' id='word_1_302' title='bbox 1540 3807 1650 3853; x_wconf 90' lang='lat' dir='ltr'>omnes</span> <span class='ocrx_word' id='word_1_303' title='bbox 1680 3784 1826 3868; x_wconf 89' lang='lat' dir='ltr'>religiosi</span> 
     </span>
     <span class='ocr_line' id='line_1_32' title="bbox 169 3894 1826 3982; baseline -0.002 -23"><span class='ocrx_word' id='word_1_304' title='bbox 169 3895 392 3978; x_wconf 87' lang='lat' dir='ltr'>cuiuscunque</span> <span class='ocrx_word' id='word_1_305' title='bbox 416 3898 549 3980; x_wconf 85' lang='lat' dir='ltr'>ordinis,</span> <span class='ocrx_word' id='word_1_306' title='bbox 572 3899 650 3965; x_wconf 89' lang='lat' dir='ltr'>laici</span> <span class='ocrx_word' id='word_1_307' title='bbox 668 3901 769 3966; x_wconf 90' lang='lat' dir='ltr'>eciam</span> <span class='ocrx_word' id='word_1_308' title='bbox 786 3907 819 3966; x_wconf 90' lang='lat' dir='ltr'>et</span> <span class='ocrx_word' id='word_1_309' title='bbox 835 3900 923 3966; x_wconf 91' lang='lat' dir='ltr'>iudei</span> <span class='ocrx_word' id='word_1_310' title='bbox 937 3900 1033 3966; x_wconf 91' lang='lat' dir='ltr'>huius</span> <span class='ocrx_word' id='word_1_311' title='bbox 1050 3901 1142 3982; x_wconf 92' lang='lat' dir='ltr'>pacis</span> <span class='ocrx_word' id='word_1_312' title='bbox 1159 3908 1193 3966; x_wconf 91' lang='lat' dir='ltr'>et</span> <span class='ocrx_word' id='word_1_313' title='bbox 1209 3898 1459 3980; x_wconf 89' lang='lat' dir='ltr'>tranquillitatis</span> <span class='ocrx_word' id='word_1_314' title='bbox 1476 3897 1641 3961; x_wconf 90' lang='lat' dir='ltr'>commodo</span> <span class='ocrx_word' id='word_1_315' title='bbox 1657 3894 1826 3975; x_wconf 86' lang='lat' dir='ltr'>gaudeant</span> 
     </span>
     <span class='ocr_line' id='line_1_33' title="bbox 170 3997 1825 4085; baseline -0.004 -17"><span class='ocrx_word' id='word_1_316' title='bbox 170 4008 332 4085; x_wconf 88' lang='lat' dir='ltr'>perpetuo</span> <span class='ocrx_word' id='word_1_317' title='bbox 357 4011 390 4069; x_wconf 90' lang='lat' dir='ltr'>et</span> <span class='ocrx_word' id='word_1_318' title='bbox 413 4003 577 4071; x_wconf 85' lang='lat' dir='ltr'>fruantur.</span> <span class='ocrx_word' id='word_1_319' title='bbox 614 4007 661 4073; x_wconf 91' lang='lat' dir='ltr'>Ut</span> <span class='ocrx_word' id='word_1_320' title='bbox 685 4014 794 4073; x_wconf 90' lang='lat' dir='ltr'>autem</span> <span class='ocrx_word' id='word_1_321' title='bbox 817 4006 904 4072; x_wconf 90' lang='lat' dir='ltr'>inter</span> <span class='ocrx_word' id='word_1_322' title='bbox 928 4007 1052 4073; x_wconf 87' lang='lat' dir='ltr'>nobiles</span> <span class='ocrx_word' id='word_1_323' title='bbox 1077 4014 1165 4072; x_wconf 90' lang='lat' dir='ltr'>terre</span> <span class='ocrx_word' id='word_1_324' title='bbox 1189 4013 1223 4072; x_wconf 94' lang='lat' dir='ltr'>et</span> <span class='ocrx_word' id='word_1_325' title='bbox 1242 4006 1397 4073; x_wconf 90' lang='lat' dir='ltr'>civitates</span> <span class='ocrx_word' id='word_1_326' title='bbox 1411 4024 1476 4069; x_wconf 93' lang='lat' dir='ltr'>non</span> <span class='ocrx_word' id='word_1_327' title='bbox 1493 4001 1598 4085; x_wconf 91' lang='lat' dir='ltr'>possit</span> <span class='ocrx_word' id='word_1_328' title='bbox 1614 3997 1825 4065; x_wconf 89' lang='lat' dir='ltr'>dissensionis</span> 
     </span>
     <span class='ocr_line' id='line_1_34' title="bbox 169 4106 1826 4196; baseline -0.004 -21"><span class='ocrx_word' id='word_1_329' title='bbox 169 4116 205 4175; x_wconf 89' lang='lat' dir='ltr'>et</span> <span class='ocrx_word' id='word_1_330' title='bbox 229 4109 390 4176; x_wconf 89' lang='lat' dir='ltr'>discordie</span> <span class='ocrx_word' id='word_1_331' title='bbox 415 4112 587 4194; x_wconf 89' lang='lat' dir='ltr'>scrupulus</span> <span class='ocrx_word' id='word_1_332' title='bbox 611 4114 761 4195; x_wconf 90' lang='lat' dir='ltr'>suboriri,</span> <span class='ocrx_word' id='word_1_333' title='bbox 787 4134 846 4196; x_wconf 92' lang='lat' dir='ltr'>per</span> <span class='ocrx_word' id='word_1_334' title='bbox 870 4134 963 4194; x_wconf 90' lang='lat' dir='ltr'>quem</span> <span class='ocrx_word' id='word_1_335' title='bbox 987 4116 1048 4180; x_wconf 88' lang='lat' dir='ltr'>hoc</span> <span class='ocrx_word' id='word_1_336' title='bbox 1072 4120 1222 4179; x_wconf 87' lang='lat' dir='ltr'>sanctum</span> <span class='ocrx_word' id='word_1_337' title='bbox 1245 4113 1336 4195; x_wconf 89' lang='lat' dir='ltr'>pacis</span> <span class='ocrx_word' id='word_1_338' title='bbox 1359 4110 1529 4195; x_wconf 87' lang='lat' dir='ltr'>negocium</span> <span class='ocrx_word' id='word_1_339' title='bbox 1548 4106 1698 4190; x_wconf 90' lang='lat' dir='ltr'>impediri</span> <span class='ocrx_word' id='word_1_340' title='bbox 1713 4106 1826 4173; x_wconf 86' lang='lat' dir='ltr'>valeat</span> 
     </span>
     <span class='ocr_line' id='line_1_35' title="bbox 168 4213 1825 4299; baseline -0.004 -16"><span class='ocrx_word' id='word_1_341' title='bbox 168 4216 225 4283; x_wconf 91' lang='lat' dir='ltr'>vel</span> <span class='ocrx_word' id='word_1_342' title='bbox 248 4217 386 4299; x_wconf 90' lang='lat' dir='ltr'>turbari,</span> <span class='ocrx_word' id='word_1_343' title='bbox 411 4220 451 4283; x_wconf 91' lang='lat' dir='ltr'>dc</span> <span class='ocrx_word' id='word_1_344' title='bbox 476 4220 630 4286; x_wconf 91' lang='lat' dir='ltr'>concordi</span> <span class='ocrx_word' id='word_1_345' title='bbox 653 4240 813 4286; x_wconf 88' lang='lat' dir='ltr'>consensu</span> <span class='ocrx_word' id='word_1_346' title='bbox 838 4228 871 4286; x_wconf 90' lang='lat' dir='ltr'>et</span> <span class='ocrx_word' id='word_1_347' title='bbox 894 4221 1039 4286; x_wconf 88' lang='lat' dir='ltr'>unanimi</span> <span class='ocrx_word' id='word_1_348' title='bbox 1062 4221 1234 4287; x_wconf 88' lang='lat' dir='ltr'>voluntate</span> <span class='ocrx_word' id='word_1_349' title='bbox 1255 4219 1410 4285; x_wconf 91' lang='lat' dir='ltr'>nobilium</span> <span class='ocrx_word' id='word_1_350' title='bbox 1429 4224 1462 4284; x_wconf 93' lang='lat' dir='ltr'>et</span> <span class='ocrx_word' id='word_1_351' title='bbox 1479 4217 1580 4283; x_wconf 90' lang='lat' dir='ltr'>eciam</span> <span class='ocrx_word' id='word_1_352' title='bbox 1598 4213 1769 4280; x_wconf 89' lang='lat' dir='ltr'>civitatum</span> <span class='ocrx_word' id='word_1_353' title='bbox 1785 4232 1825 4277; x_wconf 82' lang='lat' dir='ltr'>ex</span> 
     </span>
     <span class='ocr_line' id='line_1_36' title="bbox 168 4318 1826 4400; baseline -0.003 -13"><span class='ocrx_word' id='word_1_354' title='bbox 168 4329 303 4389; x_wconf 87' lang='lat' dir='ltr'>matura</span> <span class='ocrx_word' id='word_1_355' title='bbox 326 4325 566 4392; x_wconf 88' lang='lat' dir='ltr'>deliberacione</span> <span class='ocrx_word' id='word_1_356' title='bbox 590 4326 695 4393; x_wconf 89' lang='lat' dir='ltr'>nostri</span> <span class='ocrx_word' id='word_1_357' title='bbox 719 4327 846 4393; x_wconf 91' lang='lat' dir='ltr'>consilii</span> <span class='ocrx_word' id='word_1_358' title='bbox 869 4328 916 4393; x_wconf 93' lang='lat' dir='ltr'>sic</span> <span class='ocrx_word' id='word_1_359' title='bbox 940 4327 1143 4395; x_wconf 89' lang='lat' dir='ltr'>decrevimus</span> <span class='ocrx_word' id='word_1_360' title='bbox 1167 4330 1388 4400; x_wconf 85' lang='lat' dir='ltr'>statuendum,</span> <span class='ocrx_word' id='word_1_361' title='bbox 1419 4331 1457 4389; x_wconf 92' lang='lat' dir='ltr'>ut</span> <span class='ocrx_word' id='word_1_362' title='bbox 1486 4321 1611 4388; x_wconf 91' lang='lat' dir='ltr'>nobiles</span> <span class='ocrx_word' id='word_1_363' title='bbox 1642 4326 1675 4385; x_wconf 90' lang='lat' dir='ltr'>et</span> <span class='ocrx_word' id='word_1_364' title='bbox 1706 4318 1826 4383; x_wconf 93' lang='lat' dir='ltr'>domini</span> 
     </span>
     <span class='ocr_line' id='line_1_37' title="bbox 169 4424 1826 4516; baseline -0.004 -21"><span class='ocrx_word' id='word_1_365' title='bbox 169 4438 261 4495; x_wconf 90' lang='lat' dir='ltr'>terre</span> <span class='ocrx_word' id='word_1_366' title='bbox 284 4429 413 4497; x_wconf 92' lang='lat' dir='ltr'>iudiciis</span> <span class='ocrx_word' id='word_1_367' title='bbox 438 4432 504 4498; x_wconf 88' lang='lat' dir='ltr'>suis</span> <span class='ocrx_word' id='word_1_368' title='bbox 528 4434 614 4499; x_wconf 89' lang='lat' dir='ltr'>iuste</span> <span class='ocrx_word' id='word_1_369' title='bbox 636 4441 775 4500; x_wconf 91' lang='lat' dir='ltr'>utantur</span> <span class='ocrx_word' id='word_1_370' title='bbox 799 4454 837 4500; x_wconf 90' lang='lat' dir='ltr'>ac</span> <span class='ocrx_word' id='word_1_371' title='bbox 860 4435 934 4500; x_wconf 92' lang='lat' dir='ltr'>iura</span> <span class='ocrx_word' id='word_1_372' title='bbox 958 4455 1018 4499; x_wconf 90' lang='lat' dir='ltr'>sua</span> <span class='ocrx_word' id='word_1_373' title='bbox 1037 4434 1221 4516; x_wconf 86' lang='lat' dir='ltr'>peremnia</span> <span class='ocrx_word' id='word_1_374' title='bbox 1242 4434 1422 4512; x_wconf 88' lang='lat' dir='ltr'>obtineant,</span> <span class='ocrx_word' id='word_1_375' title='bbox 1441 4430 1678 4508; x_wconf 84' lang='lat' dir='ltr'>sicutdebent;</span> <span class='ocrx_word' id='word_1_376' title='bbox 1704 4424 1826 4491; x_wconf 89' lang='lat' dir='ltr'>abillis</span> 
     </span>
     <span class='ocr_line' id='line_1_38' title="bbox 169 4531 1862 4623; baseline -0.005 -20"><span class='ocrx_word' id='word_1_377' title='bbox 169 4536 275 4603; x_wconf 90' lang='lat' dir='ltr'>eciam</span> <span class='ocrx_word' id='word_1_378' title='bbox 290 4536 482 4619; x_wconf 77' lang='lat' dir='ltr'>hominihus</span> <span class='ocrx_word' id='word_1_379' title='bbox 501 4538 556 4619; x_wconf 94' lang='lat' dir='ltr'>qui</span> <span class='ocrx_word' id='word_1_380' title='bbox 570 4540 604 4605; x_wconf 94' lang='lat' dir='ltr'>in</span> <span class='ocrx_word' id='word_1_381' title='bbox 621 4560 732 4606; x_wconf 92' lang='lat' dir='ltr'>eorum</span> <span class='ocrx_word' id='word_1_382' title='bbox 746 4540 1030 4607; x_wconf 90' lang='lat' dir='ltr'>iurisdiccionibus</span> <span class='ocrx_word' id='word_1_383' title='bbox 1048 4548 1299 4623; x_wconf 84' lang='lat' dir='ltr'>commorantur,</span> <span class='ocrx_word' id='word_1_384' title='bbox 1318 4560 1357 4606; x_wconf 88' lang='lat' dir='ltr'>ea</span> <span class='ocrx_word' id='word_1_385' title='bbox 1374 4537 1514 4605; x_wconf 89' lang='lat' dir='ltr'>servicia</span> <span class='ocrx_word' id='word_1_386' title='bbox 1530 4543 1563 4601; x_wconf 91' lang='lat' dir='ltr'>et</span> <span class='ocrx_word' id='word_1_387' title='bbox 1578 4536 1652 4600; x_wconf 91' lang='lat' dir='ltr'>iura</span> <span class='ocrx_word' id='word_1_388' title='bbox 1664 4531 1826 4614; x_wconf 90' lang='lat' dir='ltr'>recipiant</span> <span class='ocrx_word' id='word_1_389' title='bbox 1858 4583 1862 4590; x_wconf 95' lang='lat'><em>.</em></span> 
     </span>
     <span class='ocr_line' id='line_1_39' title="bbox 170 4638 1826 4733; baseline -0.004 -24"><span class='ocrx_word' id='word_1_390' title='bbox 170 4650 205 4709; x_wconf 87' lang='lat' dir='ltr'>et</span> <span class='ocrx_word' id='word_1_391' title='bbox 228 4642 408 4725; x_wconf 87' lang='lat' dir='ltr'>requirant,</span> <span class='ocrx_word' id='word_1_392' title='bbox 442 4665 503 4726; x_wconf 90' lang='lat' dir='ltr'>que</span> <span class='ocrx_word' id='word_1_393' title='bbox 527 4646 590 4729; x_wconf 89' lang='lat' dir='ltr'>ipsi</span> <span class='ocrx_word' id='word_1_394' title='bbox 614 4655 646 4713; x_wconf 90' lang='lat' dir='ltr'>et</span> <span class='ocrx_word' id='word_1_395' title='bbox 670 4648 897 4731; x_wconf 87' lang='lat' dir='ltr'>progenitores</span> <span class='ocrx_word' id='word_1_396' title='bbox 922 4669 1032 4714; x_wconf 92' lang='lat' dir='ltr'>eorum</span> <span class='ocrx_word' id='word_1_397' title='bbox 1056 4656 1134 4715; x_wconf 92' lang='lat' dir='ltr'>ante</span> <span class='ocrx_word' id='word_1_398' title='bbox 1159 4649 1299 4733; x_wconf 90' lang='lat' dir='ltr'>triginta</span> <span class='ocrx_word' id='word_1_399' title='bbox 1321 4647 1373 4715; x_wconf 92' lang='lat' dir='ltr'>vel</span> <span class='ocrx_word' id='word_1_400' title='bbox 1397 4643 1619 4727; x_wconf 87' lang='lat' dir='ltr'>quadraginta</span> <span class='ocrx_word' id='word_1_401' title='bbox 1647 4660 1703 4705; x_wconf 91' lang='lat' dir='ltr'>seu</span> <span class='ocrx_word' id='word_1_402' title='bbox 1734 4638 1826 4719; x_wconf 92' lang='lat' dir='ltr'>quin-</span> 
     </span>
     <span class='ocr_line' id='line_1_40' title="bbox 169 4750 1825 4838; baseline 0.001 -23"><span class='ocrx_word' id='word_1_403' title='bbox 169 4750 332 4833; x_wconf 87' lang='lat' dir='ltr'>quaginta</span> <span class='ocrx_word' id='word_1_404' title='bbox 348 4771 451 4817; x_wconf 91' lang='lat' dir='ltr'>annos</span> <span class='ocrx_word' id='word_1_405' title='bbox 467 4752 553 4819; x_wconf 89' lang='lat' dir='ltr'>iuste</span> <span class='ocrx_word' id='word_1_406' title='bbox 570 4752 681 4820; x_wconf 84' lang='lat' dir='ltr'>facere</span> <span class='ocrx_word' id='word_1_407' title='bbox 698 4764 947 4837; x_wconf 90' lang='lat' dir='ltr'>consueverunt,</span> <span class='ocrx_word' id='word_1_408' title='bbox 966 4763 999 4821; x_wconf 89' lang='lat' dir='ltr'>et</span> <span class='ocrx_word' id='word_1_409' title='bbox 1014 4756 1078 4822; x_wconf 90' lang='lat' dir='ltr'>illis</span> <span class='ocrx_word' id='word_1_410' title='bbox 1096 4757 1196 4823; x_wconf 91' lang='lat' dir='ltr'>eciam</span> <span class='ocrx_word' id='word_1_411' title='bbox 1213 4756 1278 4838; x_wconf 91' lang='lat' dir='ltr'>ipsi</span> <span class='ocrx_word' id='word_1_412' title='bbox 1294 4755 1414 4820; x_wconf 91' lang='lat' dir='ltr'>domini</span> <span class='ocrx_word' id='word_1_413' title='bbox 1430 4753 1496 4819; x_wconf 91' lang='lat' dir='ltr'>sint</span> <span class='ocrx_word' id='word_1_414' title='bbox 1513 4752 1668 4817; x_wconf 89' lang='lat' dir='ltr'>contenti.</span> <span class='ocrx_word' id='word_1_415' title='bbox 1705 4752 1825 4817; x_wconf 90' lang='lat' dir='ltr'>Omnes</span> 
     </span>
     <span class='ocr_line' id='line_1_41' title="bbox 169 4856 1825 4955; baseline 0 -32"><span class='ocrx_word' id='word_1_416' title='bbox 169 4857 275 4924; x_wconf 90' lang='lat' dir='ltr'>eciam</span> <span class='ocrx_word' id='word_1_417' title='bbox 292 4856 483 4955; x_wconf 71' lang='lat' dir='ltr'>[ecclesie],⁸</span> <span class='ocrx_word' id='word_1_418' title='bbox 501 4860 654 4927; x_wconf 89' lang='lat' dir='ltr'>civitates</span> <span class='ocrx_word' id='word_1_419' title='bbox 672 4861 718 4949; x_wconf 86' lang='lat' dir='ltr'>[et</span> <span class='ocrx_word' id='word_1_420' title='bbox 731 4862 863 4951; x_wconf 86' lang='lat' dir='ltr'>oppida]</span> <span class='ocrx_word' id='word_1_421' title='bbox 881 4870 914 4929; x_wconf 90' lang='lat' dir='ltr'>et</span> <span class='ocrx_word' id='word_1_422' title='bbox 929 4884 1041 4930; x_wconf 90' lang='lat' dir='ltr'>earum</span> <span class='ocrx_word' id='word_1_423' title='bbox 1058 4865 1202 4945; x_wconf 88' lang='lat' dir='ltr'>quelibet</span> <span class='ocrx_word' id='word_1_424' title='bbox 1217 4864 1311 4929; x_wconf 83' lang='lat' dir='ltr'>iuxta</span> <span class='ocrx_word' id='word_1_425' title='bbox 1327 4861 1484 4944; x_wconf 89' lang='lat' dir='ltr'>specialia</span> <span class='ocrx_word' id='word_1_426' title='bbox 1500 4861 1573 4926; x_wconf 89' lang='lat' dir='ltr'>iura</span> <span class='ocrx_word' id='word_1_427' title='bbox 1586 4880 1646 4926; x_wconf 90' lang='lat' dir='ltr'>sua</span> <span class='ocrx_word' id='word_1_428' title='bbox 1658 4862 1825 4942; x_wconf 88' lang='lat' dir='ltr'>gaudeant</span> 
     </span>
     <span class='ocr_line' id='line_1_42' title="bbox 168 4965 1826 5053; baseline 0.001 -23"><span class='ocrx_word' id='word_1_429' title='bbox 168 4965 357 5053; x_wconf 82' lang='lat' dir='ltr'>[perpetuo]</span> <span class='ocrx_word' id='word_1_430' title='bbox 376 4973 408 5032; x_wconf 90' lang='lat' dir='ltr'>et</span> <span class='ocrx_word' id='word_1_431' title='bbox 424 4966 579 5035; x_wconf 84' lang='lat' dir='ltr'>fruantur</span> <span class='ocrx_word' id='word_1_432' title='bbox 595 4970 729 5051; x_wconf 88' lang='lat' dir='ltr'>pacifice</span> <span class='ocrx_word' id='word_1_433' title='bbox 747 4978 780 5036; x_wconf 90' lang='lat' dir='ltr'>et</span> <span class='ocrx_word' id='word_1_434' title='bbox 796 4970 904 5051; x_wconf 92' lang='lat' dir='ltr'>quiete</span> <span class='ocrx_word' id='word_1_435' title='bbox 920 4970 984 5037; x_wconf 88' lang='lat' dir='ltr'>illis</span> <span class='ocrx_word' id='word_1_436' title='bbox 1000 4972 1220 5053; x_wconf 72' lang='lat' dir='ltr'>libertatibus</span> <span class='ocrx_word' id='word_1_437' title='bbox 1234 4970 1411 5037; x_wconf 91' lang='lat' dir='ltr'>honoribus</span> <span class='ocrx_word' id='word_1_438' title='bbox 1428 4976 1461 5035; x_wconf 86' lang='lat' dir='ltr'>et</span> <span class='ocrx_word' id='word_1_439' title='bbox 1476 4969 1602 5034; x_wconf 92' lang='lat' dir='ltr'>iuribus</span> <span class='ocrx_word' id='word_1_440' title='bbox 1617 4967 1826 5051; x_wconf 90' lang='lat' dir='ltr'>generalibus</span> 
     </span>
     <span class='ocr_line' id='line_1_43' title="bbox 169 5073 1827 5160; baseline 0 -21"><span class='ocrx_word' id='word_1_441' title='bbox 169 5080 205 5139; x_wconf 89' lang='lat' dir='ltr'>et</span> <span class='ocrx_word' id='word_1_442' title='bbox 229 5073 436 5157; x_wconf 88' lang='lat' dir='ltr'>specialibus,</span> <span class='ocrx_word' id='word_1_443' title='bbox 462 5096 523 5157; x_wconf 89' lang='lat' dir='ltr'>quc</span> <span class='ocrx_word' id='word_1_444' title='bbox 541 5077 753 5144; x_wconf 88' lang='lat' dir='ltr'>obtinuerunt</span> <span class='ocrx_word' id='word_1_445' title='bbox 768 5079 929 5144; x_wconf 88' lang='lat' dir='ltr'>hactenus</span> <span class='ocrx_word' id='word_1_446' title='bbox 946 5099 986 5144; x_wconf 86' lang='lat' dir='ltr'>ex</span> <span class='ocrx_word' id='word_1_447' title='bbox 1003 5079 1147 5160; x_wconf 89' lang='lat' dir='ltr'>antiquo.</span> <span class='ocrx_word' id='word_1_448' title='bbox 1182 5079 1217 5145; x_wconf 86' lang='lat' dir='ltr'>si</span> <span class='ocrx_word' id='word_1_449' title='bbox 1233 5087 1343 5144; x_wconf 92' lang='lat' dir='ltr'>autem</span> <span class='ocrx_word' id='word_1_450' title='bbox 1359 5078 1483 5143; x_wconf 90' lang='lat' dir='ltr'>nobiles</span> <span class='ocrx_word' id='word_1_451' title='bbox 1501 5084 1534 5141; x_wconf 91' lang='lat' dir='ltr'>et</span> <span class='ocrx_word' id='word_1_452' title='bbox 1551 5075 1671 5141; x_wconf 90' lang='lat' dir='ltr'>domini</span> <span class='ocrx_word' id='word_1_453' title='bbox 1687 5075 1827 5157; x_wconf 86' lang='lat' dir='ltr'>predicti</span> 
     </span>
     <span class='ocr_line' id='line_1_44' title="bbox 168 5180 1826 5269; baseline 0.001 -24"><span class='ocrx_word' id='word_1_454' title='bbox 168 5200 230 5263; x_wconf 91' lang='lat' dir='ltr'>per</span> <span class='ocrx_word' id='word_1_455' title='bbox 255 5180 409 5247; x_wconf 90' lang='lat' dir='ltr'>civitates</span> <span class='ocrx_word' id='word_1_456' title='bbox 433 5182 496 5248; x_wconf 89' lang='lat' dir='ltr'>sibi</span> <span class='ocrx_word' id='word_1_457' title='bbox 518 5184 630 5250; x_wconf 90' lang='lat' dir='ltr'>illatas</span> <span class='ocrx_word' id='word_1_458' title='bbox 653 5185 790 5252; x_wconf 88' lang='lat' dir='ltr'>iniurias</span> <span class='ocrx_word' id='word_1_459' title='bbox 822 5193 1074 5269; x_wconf 87' lang='lat' dir='ltr'>conquerantur,</span> <span class='ocrx_word' id='word_1_460' title='bbox 1104 5187 1169 5268; x_wconf 89' lang='lat' dir='ltr'>ipsi</span> <span class='ocrx_word' id='word_1_461' title='bbox 1200 5194 1335 5268; x_wconf 91' lang='lat' dir='ltr'>propter</span> <span class='ocrx_word' id='word_1_462' title='bbox 1365 5187 1426 5250; x_wconf 90' lang='lat' dir='ltr'>hoc</span> <span class='ocrx_word' id='word_1_463' title='bbox 1456 5184 1579 5249; x_wconf 91' lang='lat' dir='ltr'>nullum</span> <span class='ocrx_word' id='word_1_464' title='bbox 1609 5184 1826 5264; x_wconf 86' lang='lat' dir='ltr'>captivabunt</span> 
     </span>
     <span class='ocr_line' id='line_1_45' title="bbox 168 5288 1826 5376; baseline 0.001 -21"><span class='ocrx_word' id='word_1_465' title='bbox 168 5309 212 5355; x_wconf 78' lang='lat' dir='ltr'>ex</span> <span class='ocrx_word' id='word_1_466' title='bbox 236 5288 293 5369; x_wconf 83' lang='lat' dir='ltr'>eie,</span> <span class='ocrx_word' id='word_1_467' title='bbox 319 5310 379 5355; x_wconf 91' lang='lat' dir='ltr'>nec</span> <span class='ocrx_word' id='word_1_468' title='bbox 403 5310 514 5356; x_wconf 90' lang='lat' dir='ltr'>eorum</span> <span class='ocrx_word' id='word_1_469' title='bbox 538 5291 678 5375; x_wconf 87' lang='lat' dir='ltr'>pignora</span> <span class='ocrx_word' id='word_1_470' title='bbox 702 5293 842 5375; x_wconf 89' lang='lat' dir='ltr'>capient,</span> <span class='ocrx_word' id='word_1_471' title='bbox 868 5314 928 5359; x_wconf 90' lang='lat' dir='ltr'>nec</span> <span class='ocrx_word' id='word_1_472' title='bbox 953 5294 1054 5360; x_wconf 85' lang='lat' dir='ltr'>eciam</span> <span class='ocrx_word' id='word_1_473' title='bbox 1079 5315 1120 5360; x_wconf 85' lang='lat' dir='ltr'>ex</span> <span class='ocrx_word' id='word_1_474' title='bbox 1143 5302 1232 5359; x_wconf 93' lang='lat' dir='ltr'>motu</span> <span class='ocrx_word' id='word_1_475' title='bbox 1257 5292 1389 5376; x_wconf 88' lang='lat' dir='ltr'>proprio</span> <span class='ocrx_word' id='word_1_476' title='bbox 1411 5299 1528 5358; x_wconf 88' lang='lat' dir='ltr'>contra</span> <span class='ocrx_word' id='word_1_477' title='bbox 1543 5291 1631 5372; x_wconf 89' lang='lat' dir='ltr'>ipsos</span> <span class='ocrx_word' id='word_1_478' title='bbox 1648 5293 1826 5372; x_wconf 89' lang='lat' dir='ltr'>procedent</span> 
     </span>
     <span class='ocr_line' id='line_1_46' title="bbox 168 5396 1826 5481; baseline 0 -18"><span class='ocrx_word' id='word_1_479' title='bbox 168 5396 381 5478; x_wconf 89' lang='lat' dir='ltr'>aliquatenus</span> <span class='ocrx_word' id='word_1_480' title='bbox 411 5401 453 5463; x_wconf 89' lang='lat' dir='ltr'>ad</span> <span class='ocrx_word' id='word_1_481' title='bbox 477 5398 665 5481; x_wconf 89' lang='lat' dir='ltr'>vindictam,</span> <span class='ocrx_word' id='word_1_482' title='bbox 699 5403 755 5465; x_wconf 90' lang='lat' dir='ltr'>sed</span> <span class='ocrx_word' id='word_1_483' title='bbox 788 5421 897 5466; x_wconf 90' lang='lat' dir='ltr'>coram</span> <span class='ocrx_word' id='word_1_484' title='bbox 928 5402 1020 5467; x_wconf 89' lang='lat' dir='ltr'>nobis</span> <span class='ocrx_word' id='word_1_485' title='bbox 1051 5401 1106 5469; x_wconf 91' lang='lat' dir='ltr'>vel</span> <span class='ocrx_word' id='word_1_486' title='bbox 1127 5403 1166 5466; x_wconf 89' lang='lat' dir='ltr'>A.</span> <span class='ocrx_word' id='word_1_487' title='bbox 1186 5400 1302 5466; x_wconf 90' lang='lat' dir='ltr'>comite</span> <span class='ocrx_word' id='word_1_488' title='bbox 1327 5403 1366 5464; x_wconf 93' lang='lat' dir='ltr'>de</span> <span class='ocrx_word' id='word_1_489' title='bbox 1382 5399 1570 5478; x_wconf 88' lang='lat' dir='ltr'>Waldeckc,</span> <span class='ocrx_word' id='word_1_490' title='bbox 1597 5406 1708 5464; x_wconf 88' lang='lat' dir='ltr'>nostro</span> <span class='ocrx_word' id='word_1_491' title='bbox 1732 5398 1826 5464; x_wconf 88' lang='lat' dir='ltr'>iusti-</span> 
     </span>
     <span class='ocr_line' id='line_1_47' title="bbox 168 5504 1825 5589; baseline 0 -17"><span class='ocrx_word' id='word_1_492' title='bbox 168 5504 284 5587; x_wconf 89' lang='lat' dir='ltr'>ciario,</span> <span class='ocrx_word' id='word_1_493' title='bbox 310 5510 368 5571; x_wconf 90' lang='lat' dir='ltr'>aut</span> <span class='ocrx_word' id='word_1_494' title='bbox 393 5546 424 5559; x_wconf 88' lang='lat'>··</span> <span class='ocrx_word' id='word_1_495' title='bbox 450 5506 589 5571; x_wconf 89' lang='lat' dir='ltr'>sculteto</span> <span class='ocrx_word' id='word_1_496' title='bbox 614 5507 839 5589; x_wconf 87' lang='lat' dir='ltr'>Bopardiensi,</span> <span class='ocrx_word' id='word_1_497' title='bbox 866 5550 897 5561; x_wconf 90' lang='lat'>··</span> <span class='ocrx_word' id='word_1_498' title='bbox 924 5510 1063 5575; x_wconf 90' lang='lat' dir='ltr'>sculteto</span> <span class='ocrx_word' id='word_1_499' title='bbox 1087 5506 1409 5587; x_wconf 88' lang='lat' dir='ltr'>Frankenvordensi,</span> <span class='ocrx_word' id='word_1_500' title='bbox 1436 5546 1467 5557; x_wconf 90' lang='lat'>-·</span> <span class='ocrx_word' id='word_1_501' title='bbox 1492 5505 1775 5588; x_wconf 80' lang='lat' dir='ltr'>Oppenhcimensi,</span> <span class='ocrx_word' id='word_1_502' title='bbox 1793 5547 1825 5558; x_wconf 89' lang='lat'>··</span> 
     </span>
    </p>
   </div>
   <div class='ocr_carea' id='block_1_9' title="bbox 388 5699 1825 5814">
    <p class='ocr_par' dir='ltr' id='par_1_9' title="bbox 388 5699 1825 5814">
     <span class='ocr_line' id='line_1_48' title="bbox 440 5699 1825 5757; baseline 0 -16"><span class='ocrx_word' id='word_1_503' title='bbox 440 5702 463 5751; x_wconf 74' lang='lat' dir='ltr'>a)</span> <span class='ocrx_word' id='word_1_504' title='bbox 477 5699 527 5743; x_wconf 81' lang='lat' dir='ltr'>Die</span> <span class='ocrx_word' id='word_1_505' title='bbox 546 5700 573 5741; x_wconf 81' lang='lat' dir='ltr'>br</span> <span class='ocrx_word' id='word_1_506' title='bbox 587 5700 738 5743; x_wconf 82' lang='lat' dir='ltr'>Klammerrr</span> <span class='ocrx_word' id='word_1_507' title='bbox 758 5702 877 5753; x_wconf 73' lang='lat' dir='ltr'>pereleich</span> <span class='ocrx_word' id='word_1_508' title='bbox 894 5700 973 5744; x_wconf 81' lang='lat' dir='ltr'>Wnrt&#39;c</span> <span class='ocrx_word' id='word_1_509' title='bbox 991 5702 1076 5757; x_wconf 78' lang='lat' dir='ltr'>finden</span> <span class='ocrx_word' id='word_1_510' title='bbox 1096 5702 1148 5745; x_wconf 80' lang='lat' dir='ltr'>sich</span> <span class='ocrx_word' id='word_1_511' title='bbox 1163 5714 1212 5744; x_wconf 83' lang='lat' dir='ltr'>nur</span> <span class='ocrx_word' id='word_1_512' title='bbox 1226 5702 1253 5743; x_wconf 81' lang='lat' dir='ltr'>r&#39;rr</span> <span class='ocrx_word' id='word_1_513' title='bbox 1268 5701 1391 5744; x_wconf 66' lang='lat' dir='ltr'>armerum</span> <span class='ocrx_word' id='word_1_514' title='bbox 1407 5700 1451 5743; x_wconf 84' lang='lat' dir='ltr'>der</span> <span class='ocrx_word' id='word_1_515' title='bbox 1464 5700 1516 5741; x_wconf 70' lang='lat' dir='ltr'>rior</span> <span class='ocrx_word' id='word_1_516' title='bbox 1531 5700 1665 5752; x_wconf 73' lang='lat' dir='ltr'>originale.</span> <span class='ocrx_word' id='word_1_517' title='bbox 1696 5700 1747 5753; x_wconf 75' lang='lat' dir='ltr'>vm.</span> <span class='ocrx_word' id='word_1_518' title='bbox 1758 5700 1825 5743; x_wconf 85' lang='lat' dir='ltr'>Mon.</span> 
     </span>
     <span class='ocr_line' id='line_1_49' title="bbox 388 5771 526 5814; baseline 0 -1"><span class='ocrx_word' id='word_1_519' title='bbox 388 5771 469 5814; x_wconf 82' lang='lat' dir='ltr'>Germ.</span> <span class='ocrx_word' id='word_1_520' title='bbox 480 5772 495 5814; x_wconf 88' lang='lat' dir='ltr'>l.</span> <span class='ocrx_word' id='word_1_521' title='bbox 507 5784 526 5814; x_wconf 89' lang='lat' dir='ltr'>c.</span> 
     </span>
    </p>
   </div>
   <div class='ocr_carea' id='block_1_10' title="bbox 0 0 2207 6384">
    <p class='ocr_par' dir='ltr' id='par_1_10' title="bbox 0 0 2207 6384">
     <span class='ocr_line' id='line_1_50' title="bbox 0 0 2207 6384; baseline 0 0"><span class='ocrx_word' id='word_1_522' title='bbox 0 0 2207 6384; x_wconf 95' lang='lat' dir='ltr'> </span> 
     </span>
    </p>
   </div>
  </div>
 </body>
</html>
