4400 6384
339 228 403 294 252
883 224 953 281 1287
972 222 1095 281 rourum
1113 225 1148 279 25
1167 256 1201 264 —
1221 224 1290 279 1287
1308 224 1385 281 liora
1405 225 1446 279 lu.

338 414 429 491 523.
453 425 646 490 Sclullbciss
668 424 802 503 Vooad
834 424 993 505 Sobriffen,
1025 423 1112 488 Raro
1141 423 1208 487 trud
1236 422 1368 506 Biirpcr
1396 443 1456 486 ooo
1484 420 1669 503 Frobkfurt
1699 421 1900 486 bcurkubden
1928 421 1988 485 deo

453 531 593 614 Arctous
610 532 840 596 ocrsobicdcncr
858 532 1084 595 Grurodaiosco
1106 552 1166 594 ooo
1188 534 1284 595 sciton
1300 530 1355 595 dos
1373 528 1722 610 Weissfraucnllostcra
1736 550 1778 591 au
1793 526 1986 609 Fraoltfmt.

453 643 544 703 1237
563 638 712 703 Februor
734 644 787 702 25.

443 780 510 845 Nos
534 779 697 845 Volradus
730 779 898 859 scultetus
923 830 955 843 ..
978 776 1114 858 scabini,
1146 778 1296 843 consules
1326 775 1491 858 ceterique
1522 776 1610 844 cives
1639 778 1985 843 Frankcnvordenses.

338 884 509 952 Universis
540 884 743 967 presencium
773 884 1014 967 inspectoribus
1045 883 1192 967 cupimus
1222 903 1295 949 esse
1324 889 1446 965 notum,
1478 886 1563 965 quod
1582 884 1628 977 ll.
1648 939 1654 951 .
1674 883 1832 964 priorissa
1855 890 1889 949 et
1912 904 1987 951 con-

335 998 454 1057 ventus
484 991 778 1058 sanctimonialium
809 990 932 1057 ordinis
956 990 1164 1057 Penitcntum
1192 990 1227 1055 in
1251 991 1485 1058 Frankenvort
1515 1010 1655 1072 censum,
1687 990 1840 1058 videlicet
1867 992 1986 1073 viginti

337 1105 370 1163 et
393 1117 492 1163 unum
516 1097 666 1171 solllidos
690 1096 895 1165 Colonienscs
920 1100 1076 1163 bonorum
1092 1104 1127 1162 et
1141 1096 1295 1180 legalium
1311 1116 1428 1163 census
1445 1097 1596 1164 annualis
1611 1118 1711 1180 super
1726 1098 1851 1163 curiam
1866 1098 1987 1164 dictam

336 1202 677 1284 Eckinheimerenhoi,
702 1223 798 1286 quarn
823 1204 953 1285 quidam
977 1204 1084 1269 dictus
1100 1203 1328 1276 Hollllcndero
1352 1202 1434 1270 civis
1456 1204 1785 1272 Erankonvordensis
1808 1204 1880 1272 iure
1895 1206 1987 1270 herc-

337 1310 456 1377 ditario
479 1310 654 1393 inhabitat,
675 1316 708 1377 et
725 1330 783 1379 sex
799 1310 919 1380 solidos
937 1310 1174 1381 coloniensium
1195 1310 1401 1378 denariorum
1418 1310 1571 1395 legalium
1587 1330 1706 1377 census
1721 1310 1873 1380 annualis
1888 1331 1987 1393 super

336 1419 473 1497 domum,
499 1436 593 1499 quam
610 1416 826 1485 Heilrnannus
850 1422 883 1487 et
900 1417 1098 1484 Culmannus
1122 1414 1246 1485 iratres
1270 1417 1350 1486 dicti
1366 1418 1542 1485 Starkerat
1559 1416 1759 1500 inhabitant,
1783 1438 1865 1501 erga
1879 1417 1986 1487 Ludo-

336 1522 452 1591 wicum
475 1522 669 1605 pannificem
693 1523 796 1593 civem
811 1524 1165 1592 Frankenvordensem
1189 1526 1229 1589 de
1253 1543 1414 1593 consensu
1430 1531 1464 1591 et
1478 1524 1650 1593 voluntate
1665 1543 1841 1608 puerorum
1855 1543 1986 1593 suorum

337 1636 484 1695 emerunt
513 1629 600 1699 iuste
630 1637 663 1697 et
695 1630 937 1699 rationabiliter
960 1636 1119 1712 perpetuo
1143 1630 1364 1711 possidendos.
1410 1630 1634 1701 Pronomiuuti
1656 1630 1784 1701 eciam.
1803 1683 1810 1696 .
1828 1630 1987 1716 priorissa

336 1741 369 1801 et
400 1743 580 1803 conventus
604 1737 745 1819 quinque
769 1737 889 1804 solidos
907 1734 1115 1809 denariorum
1137 1736 1257 1804 levium
1281 1756 1399 1805 census
1422 1735 1573 1805 annualis
1600 1756 1700 1819 super
1723 1739 1852 1807 domum
1875 1740 1986 1819 apud·

335 1842 586 1909 Buruelleckin¹
611 1842 718 1925 sitam,
743 1863 840 1925 quam
855 1844 1031 1909 Bertoldus
1054 1842 1199 1927 lapicida
1219 1842 1395 1925 inhabitat,
1420 1844 1729 1927 ergaWernherum
1744 1844 1986 1913 deWanebach

336 1954 370 2013 et
387 1948 458 2017 eius
472 1968 607 2015 uxorem
624 1949 713 2017 cives
729 1950 1067 2019 Frankenvordenses
1087 1947 1247 2032 legittime
1263 1957 1411 2018 emerunt
1427 1957 1587 2033 perpetuo
1602 1950 1823 2032 possidendos.
1859 1948 1987 2019 Preiati

336 2054 438 2121 eciam
473 2054 668 2124 Ludewicus
700 2062 734 2121 et
762 2056 973 2136 wernherus
1006 2074 1133 2123 necnon
1168 2054 1237 2123 eius
1268 2074 1352 2124 uxor
1383 2055 1550 2137 predictos
1585 2074 1702 2125 census
1733 2056 1987 2141 resignaverunt

336 2159 465 2241 publica
493 2161 528 2227 in
559 2159 666 2230 forma
697 2160 809 2229 iudicii
838 2159 1178 2231 urankenvoruensis.
1232 2160 1479 2232 Renunciautes
1508 2161 1596 2233 omui
1623 2162 1698 2243 iuri,
1729 2165 1815 2244 quod
1843 2162 1927 2249 ipsis
1952 2163 1987 2234 iu

335 2265 492 2349 predictis
516 2268 667 2333 censibus
692 2269 907 2350 competebat,
930 2273 963 2332 ct
980 2266 1201 2349 promiserunt
1216 2270 1256 2333 do
1272 2266 1354 2349 ipsis
1369 2267 1521 2337 censibus
1537 2266 1648 2337 iacere
1664 2268 1763 2337 dictis
1779 2322 1786 2335 .
1805 2322 1812 2335 .
1830 2267 1987 2351 priorisse

336 2378 370 2437 et
392 2372 569 2439 conventui
597 2373 801 2443 warandiam
828 2373 958 2455 iustam,
984 2372 1129 2439 debitam
1153 2380 1186 2441 et
1212 2380 1412 2442 consuetam.
1458 2375 1499 2445 ln
1523 2374 1615 2443 cuius
1637 2374 1686 2443 rai
1709 2374 1930 2445 testimonium
1953 2383 1988 2443 et

334 2477 522 2545 firmitatem
554 2480 697 2547 debitam
730 2482 771 2547 ad
805 2479 996 2563 peticionem
1029 2479 1192 2549 dictarum
1225 2480 1428 2547 dominarum
1460 2480 1602 2564 sigillum
1634 2480 1781 2549 civitatis
1813 2482 1990 2550 Frankeu-

334 2586 502 2689 noroensis
526 2586 733 2667 presentibus
757 2592 808 2653 est
831 2605 1019 2670 appensum.
1055 2587 1176 2657 Actum
1199 2592 1233 2655 et
1256 2588 1370 2656 datum
1393 2605 1480 2658 aruo
1502 2586 1623 2657 domiui
1644 2587 1690 2655 ria
1708 2580 1754 2659 ὠ,
1774 2567 1987 2670 lxixvil,

334 2690 373 2755 V.
398 2690 558 2757 kalendas
581 2690 703 2763 marcii.

549 2832 594 2888 Or.
608 2834 697 2903 Ppmt.
743 2832 905 2904 Siodtoiepel
913 2835 954 2901 (2)
975 2834 1144 2904 omopend.
1190 2832 1228 2887 St.
1243 2834 1277 2888 Α
1291 2832 1347 2899 ἢ,
1369 2833 1665 2903 Waasrauentroeter,
1684 2834 1765 2889 Lade
1782 2840 1824 2903 lu,
1844 2835 1948 2890 1Νο.
1963 2841 1988 2889 1.

548 2922 647 2977 deur„-
665 2924 709 2989 B,
727 2925 782 2977 229
799 2924 870 2979 oncle
888 2923 947 2979 dam
968 2922 1013 2977 Or.
1035 2964 1040 2977 .

333 3182 424 3259 524.
450 3193 577 3257 Wcrocr
600 3214 660 3256 coo
682 3192 898 3279 Miiozenbcrp
922 3192 988 3261 trad
1011 3195 1094 3257 scine
1116 3196 1293 3276 pcnoontco
1308 3190 1416 3257 Erbco
1438 3190 1611 3277 verbaufco
1632 3192 1702 3257 dem
1717 3191 1990 3258 Dcutscbordeos-

448 3300 547 3364 lroosc
578 3322 619 3363 au
647 3300 906 3365 Socbsenhoosco
937 3305 983 3372 11,
1006 3297 1120 3380 Huscrt
1147 3320 1188 3362 aa
1215 3298 1404 3365 Eclcobeim
1430 3296 1677 3383 (,Ekinheim“)
1706 3298 1765 3381 fii-r
1794 3305 1863 3367 117
1887 3300 1991 3365 Muri*

448 3406 599 3470 bolulaci.
650 3405 741 3491 ,Hoc
765 3412 875 3472 tamen
899 3404 1038 3487 adiecto,
1064 3406 1150 3487 quod
1176 3403 1325 3470 redditus
1350 3405 1391 3470 ab
1416 3404 1550 3490 antiquo
1575 3406 1614 3469 de
1637 3404 1760 3470 mansis
1783 3404 1944 3491 predictis
1968 3427 1991 3473 a

449 3531 572 3593 proavo
604 3517 716 3577 nostro
746 3513 830 3577 bone
860 3510 1012 3577 memorie
1037 3512 1170 3577 Conone
1201 3513 1363 3592 quondam
1393 3510 1521 3578 domino
1549 3513 1588 3575 de
1611 3509 1818 3595 llinzinberg
1841 3513 1884 3576 ed
1906 3530 1990 3579 usus

450 3636 630 3701 pauperum
652 3616 826 3700 hospitalis
850 3620 964 3685 domus
988 3616 1160 3699 prehabito
1182 3615 1216 3682 in
1240 3622 1432 3703 perpetuam
1456 3616 1664 3683 elemosinam
1679 3616 1826 3687 instituti
1840 3636 1899 3684 suo
1914 3618 1991 3684 iure

449 3731 663 3805 permaneant
692 3723 900 3789 immutabiles
931 3730 965 3789 et
994 3724 1138 3807 vigore.“
1187 3722 1250 3787 Die
1266 3723 1445 3805 Verldut'er
1467 3724 1574 3788 stellcn
1595 3729 1751 3808 penomde
1773 3723 1908 3809 Brlrpen
1931 3731 1991 3791 neit

448 3831 504 3893 dor
520 3830 758 3915 Vcrptlicbltmp
781 3852 854 3894 rotro
876 3830 1034 3915 Eiolopcr
1057 3834 1091 3894 io
1107 3828 1300 3911 Froalefurt.
1343 3828 1574 3912 ,Prescntibus
1591 3881 1598 3894 .
1617 3880 1624 3894 .
1644 3829 1808 3896 .Volrad0
1832 3828 1989 3912 sculteto,

448 3935 612 4016 Volmaro,
639 3936 791 4002 Cunrado
815 3935 1093 4017 diotoWebelino‚
1112 3934 1273 4017 Gipilone,
1299 3933 1443 4000 scabinis
1458 3933 1859 4003 Frankcniurdensibus.“
1897 3943 1995 4003 1287

448 4042 546 4107 Mel-ra
570 4048 621 4107 13.
669 4042 792 4127 (mense
815 4041 947 4124 marcio,
971 4040 1006 4107 in
1030 4040 1176 4109 crastino
1199 4042 1231 4106 b.
1250 4038 1403 4123 Gregorii
1426 4042 1536 4126 pape.)

547 4182 645 4237 (teon.-
663 4182 780 4251 Rcimer,
799 4182 825 4251 I,
844 4185 898 4236 463
913 4184 985 4239 nocis
1003 4183 1062 4236 aaz
1084 4183 1129 4237 Or.
1144 4182 1241 4252 ΡΜ,
1260 4182 1299 4236 St.
1314 4183 1348 4235 A.
1365 4182 1511 4252 staupum.

331 4440 423 4517 525.
448 4451 578 4515 Brudcr
587 4450 625 4514 K
625 4452 725 4515 oorod
736 4472 795 4516 ooo
804 4451 1068 4536 Ferrclrttcorrpen,
1081 4452 1137 4515 der·
1146 4450 1419 4529 Deliaco-rmum,
1432 4449 1562 4514 Brrtdcr
1568 4449 1697 4529 lorber,
1708 4451 1765 4514 der
1771 4450 1934 4515 Kondlmr
1944 4473 1990 4515 m

446 4557 715 4636 Soclrscobuuscn,
729 4558 795 4622 aad
807 4556 1210 4623 dasDcotscbordcoslaus
1222 4558 1360 4623 daselbst
1371 4557 1574 4637 vermendes
1587 4557 1638 4621 die
1650 4556 1813 4638 11Huscn
1824 4556 1989 4625 indere*

445 4664 535 4743 ltez'rn,
552 4685 612 4728 ooo
637 4665 736 4731 (leoco
757 4664 857 4729 Kuno
880 4686 940 4728 uon
955 4664 1173 4748 Mriomtbcrp
1190 4664 1332 4744 job-rial
1356 4669 1421 4727 110
1436 4664 1547 4728 Acloel
1564 4662 1689 4728 Writers
1709 4686 1784 4729 mor
1801 4664 1990 4729 Gedraaclrc

445 4770 499 4834 des
515 4770 1019 4851 Derdscloordcos-Armcospilols
1042 4772 1199 4836 ocrrooclrt
1221 4771 1312 4849 katte,
1336 4773 1387 4833 oie
1409 4791 1451 4834 zu
1467 4776 1663 4835 traducam.
1711 4775 1802 4838 1287
1815 4770 1914 4837 Moira
1930 4776 1986 4835 13.

436 4913 504 4977 Nos
534 4909 640 4978 irater
670 4912 842 4977 Cunradus
873 4914 912 4977 de
936 4913 1155 4994 Vuthwange,
1187 4908 1329 4976 fratrum
1360 4914 1473 4976 domus
1501 4909 1702 4976 'l'heutonice
1734 4918 1850 4977 sancte
1878 4911 1988 4978 liarie

330 5018 627 5084 Jlrerusalemitane
645 5017 670 5091 lt
689 5038 747 5103 per
770 5018 973 5085 Alemaniam
1004 5026 1186 5101 preceptor,
1212 5024 1246 5083 et
1269 5016 1376 5083 irater
1399 5016 1575 5099 LutheruS,
1601 5019 1846 5083 commendator
1869 5021 1988 5083 domus

327 5124 362 5190 in
386 5122 615 5191 Frankeniurt
639 5124 824 5199 eiusdemi!
842 5123 1066 5207 professionis
1092 5125 1257 5205 ceterique
1281 5123 1404 5189 iratres
1427 5122 1556 5189 ibidem.
1604 5124 1726 5189 Notum
1745 5143 1819 5189 esse
1836 5124 1988 5211 cupimus

596 5318 621 5370 u)
634 5316 912 5361 abbreviatur-Zeitha
925 5317 995 5372 fehlt.

385 5480 392 5510 ¹
412 5478 673 5544 Rliclraufsclrriflcn
692 5481 746 5544 (14.
758 5480 816 5533 und
829 5483 869 5533 15.
880 5478 999 5545 Jahrb).
1041 5477 1128 5547 ,Uber

329 5565 381 5619 den
399 5564 562 5635 heilpeisteu
580 5568 639 5621 ains
657 5568 686 5621 iu
705 5568 753 5621 der
772 5568 950 5636 Suargassen.
988 5565 1055 5621 Ubir
1075 5567 1128 5624 deu

329 5652 528 5709 Borufleclsin‘.
