4400 6384
733 330 803 388 1292
822 328 939 388 sember
957 331 991 389 lo
1010 361 1044 376 --
1064 330 1134 388 1292
1152 329 1270 388 October
1287 332 1331 389 110.
1791 335 1856 406 307

203 525 245 590 ad
276 525 337 592 hec
366 523 555 606 specialiter
585 525 713 594 vocatis
743 533 777 594 et
800 525 936 612 rogatis.
985 527 1148 594 Canonico
1172 527 1385 596 interlineare
1408 528 1559 611 superius
1581 529 1616 596 in
1639 529 1745 612 prima
1766 530 1855 602 linea

203 633 243 698 de
266 649 365 696 manu
388 651 462 698 mea
485 632 619 713 propria
642 633 808 714 6666661.θ

311 737 644 824 (Notariutmez'cben.)
684 739 737 806 *Et
761 759 821 823 ego
846 741 1017 808 Gerardus
1040 743 1080 807 de
1094 740 1277 823 Sesyriaco,
1302 740 1440 808 clericus
1457 741 1683 809 Gebennensis
1706 741 1854 824 diocesis

203 841 403 912 anctoritate
427 845 610 925 apostolica
633 845 782 925 publicus
805 845 964 927 notarius,
990 845 1052 912 biis
1072 845 1220 914 omnibus
1236 845 1472 929 suprascriptis
1486 866 1554 914 una
1569 867 1643 914 cum
1661 848 1856 931 prescriptis

203 947 344 1016 testibus
375 968 511 1030 presens
541 949 679 1018 interlui
710 958 744 1017 et
774 970 814 1018 ea
844 954 884 1016 16
915 954 1070 1018 6661616
1100 951 1221 1018 dommi
1239 1004 1245 1017 .
1265 1005 1271 1018 .
1290 951 1465 1034 scolastici,
1498 953 1683 1022 executoris
1706 955 1855 1035 predicti,

201 1054 343 1122 fideliter
372 1055 491 1136 scripsi
521 1062 555 1122 et
585 1057 751 1138 publicavi
782 1077 821 1123 ac
852 1057 886 1124 in
916 1056 1054 1124 lormam
1085 1057 1250 1140 publicam
1279 1059 1393 1142 redegi
1422 1078 1558 1141 meoque
1581 1059 1675 1143 signo
1698 1067 1855 1130 consueto

202 1159 332 1242 signavi
354 1168 502 1245 rogatus.

417 1301 462 1356 Or.
476 1303 564 1372 Ppmt.
607 1302 708 1356 Rotbca
722 1301 902 1372 Wacbseiepcl
919 1304 1000 1357 sebon
1019 1304 1141 1358 erbolten
1159 1305 1331 1374 6616169661.
1369 1304 1523 1360 66611.
1540 1305 1854 1364 86611111163070.

416 1391 515 1446 Gella:
532 1392 577 1459 B,
587 1395 641 1446 212
652 1392 711 1446 aad
722 1393 777 1446 272
792 1393 863 1446 eceb
876 1392 1013 1448 1666611166
1028 1391 1152 1461 Vorlupe.
1180 1393 1376 1448 Ricimerem
1387 1394 1469 1451 Beue
1479 1395 1516 1452 bv
1529 1395 1711 1450 meamet:
1727 1396 1856 1452 Pottduet

468 1480 633 1534 11623889.

199 1737 291 1813 617.
316 1747 426 1832 Kriniy
450 1747 554 1830 Adols
582 1749 709 1812 deleant
737 1749 806 1812 dem
829 1747 1025 1830 Erebisclros
1059 1749 1226 1813 Boemaml
1262 1771 1321 1815 oon
1355 1751 1448 1815 Tricr
1485 1756 1552 1815 692
1573 1751 1673 1816 Mario
1708 1752 1855 1836 sebuldiy

313 1875 356 1917 rc
378 1857 464 1918 sein:
491 1855 616 1938 „Quam
640 1853 810 1936 pecuniam
835 1853 937 1920 eidem
962 1856 1089 1920 solvere
1113 1855 1333 1936 promittimus
1357 1856 1420 1922 1116
1444 1856 1586 1939 prestita
1602 1856 1766 1937 corporali
1782 1875 1854 1922 cum

316 1959 421 2041 prima
451 1959 599 2042 pecunia,
625 1978 686 2040 que
717 1959 811 2025 nobis
841 1959 1012 2040 proveniet
1036 1967 1069 2026 et
1094 1961 1266 2042 provenire
1290 1962 1413 2043 poterit
1436 1983 1477 2029 ex
1500 1962 1602 2028 talliis
1626 1981 1684 2028 seu
1708 1962 1853 2029 collectis

315 2085 336 2130 a
359 2067 452 2132 nobis
477 2085 534 2132 seu
557 2066 685 2133 nomine
707 2072 821 2133 nostro
844 2065 1038 2148 inponendis
1063 2066 1254 2134 civitatibus
1277 2067 1409 2150 nostrie,
1423 2068 1602 2151 Wetflarie,
1620 2070 1854 2135 Frankenvort

315 2177 348 2237 61
370 2171 569 2257 Vrideberg,
604 2179 638 2238 et
667 2173 851 2239 huiusmodi
881 2171 1053 2240 civitatum
1083 2173 1194 2239 tallias
1226 2180 1259 2239 et
1290 2174 1445 2240 collectas
1475 2174 1620 2258 proxime
1649 2174 1854 2257 inponendas

314 2277 418 2344 eidem
448 2278 588 2361 principi
618 2285 730 2346 nostro
759 2300 817 2361 pro
842 2279 929 2345 dicto
954 2279 1063 2345 debito
1088 2278 1184 2345 titulo
1208 2279 1354 2362 pignoris
1378 2299 1436 2346 seu
1458 2281 1620 2364 ypotbece
1643 2281 1853 2362 presentibus

317 2383 514 2468 obligamus,
545 2385 579 2450 in
614 2385 807 2451 solutionem
842 2383 945 2468 ipsius
980 2385 1082 2450 debiti
1117 2386 1266 2452 totaliter
1297 2388 1569 2454 convertendas“.
1630 2388 1733 2467 Kdla,
1765 2393 1856 2453 1292

316 2493 445 2558 octona
469 2497 520 2556 15.
568 2491 623 2577 oo
650 2491 729 2576 oet.)

413 2631 512 2685 deda:
532 2631 664 2697 1111111166,
687 2629 750 2686 coc.
764 2631 986 2700 Rheno-Mosen,
1006 2633 1050 2701 11,
1069 2637 1130 2686 491.

416 2719 508 2775 Vera:
525 2720 569 2790 B,
588 2721 721 2790 116611.
737 2721 847 2788 111651,
876 2721 973 2788 66666,
992 2722 1260 2791 martaronensem,
1278 2722 1333 2790 IV,
1352 2722 1498 2778 1162081.

193 2978 287 3055 1118.
312 2988 421 3074 Kdnip
445 2989 550 3072 Adols
571 2991 696 3054 66166611
718 2991 784 3054 cad
807 2990 966 3088 ilbergiebt
988 2989 1044 3054 der
1066 2989 1267 3072 Stistslcc'rche
1289 2991 1344 3054 des
1367 2990 1516 3074 Heilipen
1531 2990 1795 3055 Bartholomaeus
1817 2994 1854 3054 in

311 3095 496 3178 Frcalcfurt
524 3097 574 3161 die
604 3097 708 3161 dc'sber
737 3097 807 3160 dom
828 3096 928 3161 Reicb
956 3096 1301 3180 666116119611666116
1330 3098 1375 3162 St.
1393 3097 1558 3177 Nicotaus,
1589 3101 1646 3161 md
1674 3097 1853 3182 aliciaipcm

316 3202 484 3268 Vorbehall
512 3204 569 3268 der
597 3204 744 3286 t'erneree
772 3202 973 3288 Eraennuop
1002 3204 1057 3268 des
1088 3205 1136 3267 bei
1164 3205 1266 3268 dieser
1295 3203 1430 3285 Kapclle
1459 3205 1661 3289 capessam
1684 3202 1850 3268 Pressas

315 3311 512 3392 oppenheim,
538 3314 627 3375 1292
651 3312 780 3378 October
802 3316 855 3376 30.

302 3449 444 3519 Adolfus
474 3451 527 3517 dei
555 3451 671 3536 gracia
700 3453 922 3518 Romanorum
952 3471 1020 3532 rex,
1052 3469 1180 3534 semper
1211 3457 1382 3534 augustus,
1406 3450 1569 3519 universis
1600 3451 1688 3518 sacri
1710 3451 1852 3518 Romani

180 3557 324 3644 ,imperii
345 3557 495 3626 fidelibus
519 3557 689 3640 presentes
703 3557 730 3632 ll
742 3557 873 3626 litteras
896 3555 1104 3640 inspecturis,
1129 3556 1275 3640 graciam
1295 3575 1387 3622 suam
1404 3563 1438 3623 61
1453 3576 1546 3623 6666
1562 3559 1691 3624 bonum.
1731 3559 1850 3643 Quam-

194 3684 294 3748 quam
316 3663 435 3747 spiritu
458 3663 726 3746 promptitudinis
749 3664 929 3730 existamus
952 3665 994 3730 ad
1014 3682 1067 3729 res
1083 3663 1244 3729 humanas
1259 3661 1283 3735 ll
1296 3660 1438 3730 feliciter
1453 3656 1686 3747 gubernandos
1710 3662 1851 3730 omnium

191 3770 337 3838 fidelium
359 3769 489 3853 imperii
511 3771 687 3853 debitores,
711 3769 850 3837 maxime
874 3775 983 3836 tamen
1007 3771 1047 3834 de
1070 3769 1293 3834 sacrosanctis
1309 3767 1456 3835 ecclesiis
1480 3789 1520 3835 66
1543 3789 1656 3837 aarum
1677 3769 1848 3852 ministris

193 3876 327 3944 celestis
358 3875 448 3960 regis
464 3875 489 3950 11
507 3875 645 3958 intuitu,
678 3875 770 3943 euius
803 3875 917 3961 gracia
947 3873 1086 3943 vivimus
1117 3882 1152 3941 61
1180 3894 1373 3959 regnamus,
1403 3875 1575 3943 intendere
1604 3897 1665 3944 nos
1696 3877 1849 3958 delectat,

192 3981 376 4067 gestientes
407 4001 517 4052 earum
546 3982 722 4068 invigilare
745 3982 1039 4064 commoditatibus,
1064 3981 1196 4066 graciis,
1221 3981 1334 4068 gloriis
1357 3989 1392 4050 et
1414 3983 1539 4050 honori.
1586 3983 1637 4050 Ob
1661 4002 1758 4066 quam
1780 4002 1850 4049 rem

193 4089 303 4158 cordis
333 4087 494 4155 desiderio
526 4093 567 4156 ad
599 4090 719 4156 clarum
749 4088 784 4160 16
807 4086 1087 4170 Frenkenfurtbe,
1112 4088 1253 4154 maxime
1276 4091 1318 4155 ad
1342 4089 1550 4156 honorabiles
1574 4089 1688 4157 viros.
1708 4109 1851 4174 ⁸prepo-

191 4196 303 4276 situm,
323 4248 328 4258 .
349 4249 354 4259 .
373 4198 542 4278 decanum,
561 4248 567 4261 .
587 4248 593 4260 .
612 4195 830 4278 scolasticum,
857 4202 1085 4277 ..cantorem
1119 4214 1246 4261 necnon
1276 4201 1404 4261 ceteros
1433 4195 1537 4279 ipsius
1569 4196 1706 4280 ecclesie
1742 4195 1851 4263 sancti

191 4301 426 4384 Bartholomei,
444 4301 618 4368 canonicos
635 4310 765 4370 nostros
782 4309 815 4369 et
830 4301 959 4383 imperii
975 4300 1163 4383 capellanos
1180 4300 1348 4384 speciales,
1374 4309 1545 4386 gestantes
1557 4302 1688 4370 viscera
1703 4303 1848 4387 pietatis,

190 4415 231 4475 ut
254 4409 315 4474 sub
331 4411 449 4475 decore
472 4408 642 4490 discipline
666 4409 858 4477 reverencia
882 4407 1035 4490 clericali,
1060 4427 1187 4473 necnon
1210 4408 1414 4474 beatitudine
1431 4409 1695 4478 conversacionis
1711 4409 1851 4477 ecclesia

191 4515 307 4600 vigeat
337 4522 526 4598 memorata,
552 4516 709 4599 volumus,
736 4517 946 4600 disponimus,
972 4514 1176 4582 decernimus
1206 4521 1240 4581 61
1268 4515 1478 4582 6111666166
1501 4515 1740 4600 imperpetuum
1763 4515 1850 4582 ordi-

191 4640 309 4688 namus
333 4628 367 4688 ct
389 4628 539 4688 nostrum
562 4641 732 4689 assensum
756 4623 960 4690 annectimus
983 4622 1078 4704 pleno
1103 4627 1191 4704 voto,
1215 4628 1254 4688 ut
1277 4621 1469 4704 quicumque
1492 4624 1533 4688 de
1556 4628 1666 4689 cetero
1686 4622 1850 4704 presbiter

191 4727 353 4810 capellam
383 4727 475 4794 beati
496 4727 623 4795 Nicolai
645 4729 680 4794 in
703 4726 966 4810 Franlrenfurth,
991 4727 1083 4793 cuius
1108 4727 1244 4794 collacio
1268 4731 1310 4793 ad
1333 4747 1393 4794 nos
1417 4735 1451 4794 61
1472 4727 1645 4809 imperium
1668 4727 1849 4794 dinoscitur

190 4833 375 4918 pertinere,
409 4835 548 4917 rexerit,
586 4841 662 4917 post
693 4835 857 4917 presentis
890 4835 1014 4900 obitum
1045 4833 1186 4900 rectoris
1217 4833 1464 4901 honorabilibus
1495 4833 1625 4901 viris..
1658 4837 1782 4900 decano
1815 4841 1849 4900 et

190 4940 338 5023 capitulo
354 4941 445 5007 beati
459 4941 683 5007 Bartholomei
697 4940 731 5007 in
747 4939 1007 5023 Frankenfurth,
1025 4947 1184 5022 quantum
1200 4943 1242 5008 61
1259 4939 1499 5007 correccionem
1514 4946 1569 5006 et·
1590 4939 1846 5007 ecclesiasticam

189 5047 412 5130 disciplinam,
447 5048 489 5114 61
520 5047 627 5114 instar
659 5047 795 5114 aliorum
829 5048 1025 5117 vicariorum
1058 5054 1092 5113 et
1124 5047 1286 5114 sociorum
1318 5047 1455 5114 ecclesie
1487 5046 1597 5113 sancti
1626 5045 1849 5113 Bartholomei

189 5153 342 5238 predicte
365 5154 472 5220 subsit
495 5153 625 5236 penitus
649 5162 682 5221 et
699 5155 838 5222 omnino.
877 5155 931 5220 Ex
947 5161 1062 5220 nostra
1078 5154 1183 5237 regali
1199 5153 1353 5236 potencia
1368 5173 1427 5236 pro
1442 5153 1537 5219 nobis
1553 5159 1588 5218 et
1603 5152 1848 5219 successoribus

187 5259 326 5343 nostris,
351 5260 435 5328 divis
464 5259 718 5344 imperatoribus
749 5268 782 5328 et
812 5261 955 5346 regibus,
979 5259 1243 5327 irrevocabiliter
1272 5265 1468 5341 statuentes,
1494 5262 1579 5342 quod
1610 5279 1670 5326 nec
1692 5278 1762 5340 nos,
1786 5277 1847 5325 nec

186 5385 401 5434 successores
431 5367 538 5435 nostri
569 5367 603 5438 in
635 5388 747 5453 regno,
782 5367 942 5449 capellam
974 5367 1083 5433 sancti
1111 5367 1240 5433 Nicolai
1271 5367 1453 5449 predictam
1485 5365 1593 5448 alicui,
1625 5365 1689 5431 nisi
1717 5372 1847 5432 tantum

185 5472 376 5558 presbitero
399 5473 572 5558 fidedigno,
598 5472 748 5542 conferre
772 5493 945 5560 possumus
967 5493 1028 5566 nec
1052 5474 1215 5555 debemus,
1239 5471 1290 5540 116
1313 5476 1399 5554 quod
1421 5473 1507 5540 idem
1528 5471 1694 5555 presbiter
1709 5475 1847 5539 eandem

185 5579 351 5664 capellam
383 5579 525 5648 officiare
555 5582 675 5650 debeat
698 5580 833 5663 propria
854 5581 889 5651 in
913 5599 1054 5663 persona
1077 5599 1138 5646 nec
1161 5599 1220 5660 pro
1244 5600 1280 5646 so
1304 5582 1383 5648 dare
1407 5587 1466 5647 aut
1488 5599 1610 5663 ponere
1633 5579 1746 5648 valeat
1771 5581 1847 5646 sub-

459 5773 482 5826 a)
495 5771 546 5826 vat.
558 5772 647 5817 83⁰6.
675 5772 780 5816 616661
808 5762 911 5826 61111166·
925 5772 969 5816 der
983 5771 1058 5817 26116.

1684 5881 1737 5937 39*
