4400 6384
398 298 464 362 438
921 297 991 351 1305
1008 295 1131 352 sotrum
1151 298 1184 352 13
1202 329 1235 338 -
1256 299 1325 352 1305
1342 298 1466 354 Febrncr
1483 299 1525 353 24.

398 498 432 557 et
455 490 525 558 eius
550 491 697 576 coniugis
721 512 793 558 cum
816 492 952 559 edificiis
976 500 1010 559 et
1033 492 1115 560 ortis
1138 496 1181 558 ad
1204 493 1295 576 ipsas
1319 494 1548 576 spectantibus
1571 493 1675 562 eidem
1697 494 1896 562 monasterio
1912 496 2048 562 Henebe

397 600 592 679 deputamus
622 604 656 663 et
685 598 901 682 assignamus,
933 620 971 666 eo
995 600 1097 681 salvo,
1130 603 1216 682 quod
1246 601 1435 682 Catherina,
1467 607 1583 667 nostra
1613 601 1866 684 consanguinee,
1891 601 2048 668 minorem

397 706 525 770 domum
557 711 591 770 et
613 703 799 786 Heinricus,
831 713 944 772 noster
973 707 1246 790 consanguineus,
1271 707 1426 774 maiorem
1457 711 1584 774 domum
1613 707 1744 774 illarum
1767 710 1957 774 domorumg
1981 709 2047 774 sine

397 810 685 893 demembracione,
710 811 739 877 si
762 831 821 878 nos
844 812 1098 895 supervixerint,
1130 816 1171 880 ad
1196 813 1264 881 vite
1288 833 1345 880 sue
1368 820 1518 896 tempora
1540 820 1671 880 tantum
1695 813 1885 897 possideant
1909 820 1943 880 et
1966 814 2047 896 ipsis

397 918 436 982 de
466 916 571 983 medio
601 917 743 983 sublatis
773 920 814 984 ad
847 918 969 984 dictum
998 919 1232 985 monasterium
1261 920 1397 986 Henehe
1421 919 1524 986 libere
1547 920 1773 989 devolventur.
1821 921 1946 986 Census
1970 939 2046 986 vero

396 1027 429 1086 et
460 1025 572 1088 domus
602 1023 811 1105 supradictos
841 1031 875 1090 et
905 1025 1115 1107 supradictas
1146 1045 1217 1092 eum
1248 1025 1336 1094 omni
1363 1026 1434 1093 iure
1464 1033 1498 1093 et
1528 1046 1637 1107 onere,
1668 1023 1756 1108 quoh
1778 1026 1869 1109 ipsos
1900 1033 1935 1093 et
1958 1027 2045 1109 ipsas

396 1127 609 1209 possedimus,
640 1128 675 1193 in
706 1149 822 1195 manus
846 1131 1017 1197 memorati
1039 1131 1232 1198 monasterii
1254 1133 1390 1200 Henehe
1414 1136 1454 1198 de
1478 1133 1576 1215 plano
1599 1133 1814 1216 resignamus.
1861 1133 1915 1199 Ea
1938 1139 2045 1199 tamen

396 1233 648 1316 protesteeione,
673 1238 759 1316 qnod
780 1235 888 1318 ipsum
910 1238 1144 1304 monesterium
1168 1238 1262 1304 nobis
1285 1238 1433 1305 omnibus
1452 1245 1486 1304 et
1502 1238 1641 1324 singulis
1657 1238 1752 1305 annis
1765 1239 1914 1322 singulis,
1940 1242 2042 1320 quoad

395 1338 582 1420 vixerimus,
606 1341 814 1422 supradictos
838 1361 956 1407 census
979 1361 1038 1409 suo
1054 1350 1211 1426 tempore,
1236 1350 1274 1410 ut
1290 1363 1391 1426 supra
1406 1344 1535 1426 dicitur,
1553 1345 1765 1412 ministrabit.
1802 1345 1904 1410 Nobis
1921 1364 2043 1426 quoque

396 1445 543 1512 omnibus
565 1443 727 1512 fratribus
750 1454 785 1514 et
807 1448 976 1515 sororibus
999 1449 1167 1516 demedio
1192 1451 1332 1517 sublatis
1356 1450 1539 1534 supradicti
1562 1471 1680 1518 census
1704 1459 1737 1518 et
1761 1455 1875 1518 domus
1896 1451 2044 1533 superius

395 1549 560 1632 expressi¹
580 1555 666 1635 apud
691 1553 799 1635 ipsum
814 1555 1048 1622 monesterium
1062 1557 1199 1624 Henehe
1214 1577 1287 1623 eum
1303 1557 1371 1623 suis
1388 1556 1571 1624 aminiculis
1587 1559 1834 1640 permanebunt.
1870 1557 2042 1624 Adiectum

395 1663 447 1722 est
477 1658 587 1740 etiam,
612 1663 708 1742 qnod,
733 1661 763 1726 si
784 1661 879 1727 nobis
901 1668 961 1728 aut
984 1662 1082 1728 alicui
1104 1660 1277 1729 nostrum*
1301 1664 1379 1730 talis
1402 1663 1595 1741 necessitas,
1620 1667 1706 1745 quod
1730 1664 1827 1746 absit,
1851 1664 2041 1744 incubuerit,

395 1782 497 1829 causa
525 1763 634 1846 inopie
664 1765 791 1832 licitum
815 1767 879 1833 erit
901 1768 997 1834 nobis
1020 1776 1054 1834 et
1077 1787 1150 1836 esse
1174 1769 1315 1851 debebit,
1340 1767 1457 1836 fraude
1481 1777 1514 1836 et
1538 1770 1610 1836 dolo
1635 1770 1793 1853 exceptis,
1817 1770 1908 1852 ipsos
1932 1789 2042 1836 census

394 1875 430 1934 et
465 1872 577 1936 domos
607 1875 750 1938 vendere
780 1879 815 1939 et
844 1873 988 1940 ademare
1019 1894 1078 1956 pro
1110 1881 1225 1940 nostra
1249 1875 1503 1958 sustentatione,
1530 1876 1789 1942 contradictione
1813 1877 1962 1958 qualibet
1985 1896 2043 1942 non

394 1977 558 2042 obstante.
598 1977 716 2044 Testes
739 1979 836 2045 huius
859 1987 952 2046 sunt:
978 1978 1154 2048 Gotiridus
1182 1980 1279 2047 Beier
1302 1981 1394 2048 miles
1418 1982 1588 2064 scultetus,
1613 1981 1799 2050 Merkolius
1816 1985 1857 2048 de
1872 1982 2041 2062 Lictheim,

394 2083 588 2165 Rudegerus
612 2087 652 2150 de
675 2085 889 2166 Holtzhusen,
915 2086 1109 2152 Drutwinus
1132 2087 1329 2168 Schrencke,
1355 2088 1493 2170 scabini,
1522 2089 1733 2172 Gysilbertus
1756 2091 1796 2155 de
1821 2089 2043 2155 Sassenhusen

394 2187 501 2254 dictus
525 2191 565 2255 de
588 2189 782 2274 Frideberg,
807 2199 842 2257 et
863 2211 961 2274 quam
988 2193 1099 2274 plures
1123 2191 1180 2258 alii
1203 2193 1291 2260 cives
1315 2194 1654 2262 Frankenvordenses
1677 2194 1842 2279 fidedigni.
1889 2196 1931 2260 ln
1954 2194 2043 2260 testi-

392 2294 534 2359 monium
563 2295 705 2362 omnium
728 2297 960 2379 premissorum
982 2317 1042 2363 nos
1065 2297 1193 2364 scabini
1216 2299 1377 2365 antedicti
1399 2303 1442 2366 od
1465 2309 1618 2385 rogatum
1647 2302 1792 2384 partium
1825 2300 2042 2384 predictarum

394 2398 535 2482 sigillum
564 2402 792 2469 universitatis
822 2403 1145 2471 Frankenfordensis
1178 2406 1320 2488 appendi
1349 2403 1487 2474 lecimus
1519 2407 1595 2473 huic
1626 2407 1762 2490 scripto.
1809 2409 1930 2473 Actum
1962 2425 2042 2472 anno

393 2505 515 2572 domini
538 2508 579 2572 dr.
601 2505 668 2574 ced.
686 2509 809 2592 quinto,
834 2510 891 2576 VI.
913 2509 987 2578 idus
1011 2510 1181 2580 februarii.

605 2650 748 2716 Imbrift
771 2651 810 2705 tm
832 2651 964 2707 Har'noer
988 2653 1172 2722 Kopiolbueb,
1194 2653 1232 2706 II
1248 2653 1269 2719 s.
1288 2657 1313 2719 3,
1341 2652 1392 2718 (st.
1414 2655 1448 2708 A.
1469 2654 1614 2726 Mordere,
1642 2653 1815 2720 (Irotesmd),
1845 2654 1955 2709 donnclt
1972 2653 2043 2724 pedr.

658 2739 872 2807 Kucbeadecker,
892 2741 975 2795 Anat.
991 2742 1086 2810 Hora,
1101 2741 1186 2809 VIII,
1205 2743 1259 2796 302
1276 2742 1335 2796 und
1353 2741 1471 2808 Reimer,
1490 2743 1534 2811 II,
1554 2747 1596 2798 53.
1634 2744 1713 2798 Aucb
1731 2744 1779 2798 der
1792 2743 1888 2798 neure
1900 2743 1967 2808 B.'s,
1985 2743 2043 2805 365,

657 2829 719 2898 μὴτ
731 2830 953 2884 wabracbeialicb
965 2829 1022 2895 auf
1028 2831 1100 2885 diac
1117 2831 1208 2902 QuclIc
1219 2831 1330 2884 mmet.
1365 2831 1400 2888 B.
1414 2837 1492 2900 sapt:
1503 2831 1696 2902 „Kope'albucb
1709 2834 1742 2886 de
1754 2848 1794 2888 cu.
1809 2832 1906 2900 1500‘2
1918 2829 2045 2888 viddeitdl

659 2916 697 2971 t'rt
721 2917 809 2972 demit
834 2919 879 2973 ein
903 2918 1027 2986 andeca,
1051 2921 1203 2974 salomes
1227 2919 1403 2988 Kopiulbucb
1427 2921 1550 2990 pandat.
1595 2919 1674 2976 Sidet
1699 2921 1743 2975 aa
1766 2921 1921 2975 Verianum
1945 2920 1976 2973 ιἰι
1995 2919 2043 2972 den

658 3006 878 3078 Anmertsspcs.

391 3290 483 3368 857.
506 3297 580 3365 Dos
602 3298 946 3366 Dominuanerttoser
969 3305 1003 3366 ιιι
1025 3301 1141 3368 Maiae
1163 3302 1310 3384 oakouft
1331 3303 1402 3368 dem
1423 3301 1642 3385 Frunlcfurter
1664 3303 1875 3392 bttftsbopitel
1892 3303 1993 3369 Gr'der
2015 3307 2047 3367 ιιι

509 3405 782 3473 Ober-Escbbacb.
829 3413 916 3473 1305
939 3407 1088 3475 Februur
1112 3415 1164 3476 13.

497 3548 566 3614 Nos
583 3599 589 3612 .
609 3599 615 3612 .
633 3546 725 3628 prior
747 3553 902 3629 totusque
926 3555 1107 3616 conventus
1131 3547 1272 3620 lretrum
1295 3551 1418 3621 ordinis
1441 3551 1688 3621 Pmdicatorum
1711 3555 1825 3622 domus
1845 3552 2045 3636 Mareotim,

391 3660 505 3720 tenore
536 3653 740 3738 presencium
770 3655 969 3737 profitemur,
983 3653 1015 3732 Ji
1031 3660 1118 3739 quod
1148 3657 1223 3738 pari
1254 3677 1424 3740 consensu,
1449 3665 1623 3728 contractu
1653 3657 1797 3743 legitimo
1821 3661 1909 3728 bons
1931 3667 2048 3726 nostra

389 3759 424 3826 in
454 3759 618 3843 superiori
640 3759 821 3843 Essebacb,
846 3764 889 3827 ad
919 3780 979 3827 nos
1009 3763 1165 3830 devoluta
1195 3771 1270 3846 post
1299 3771 1438 3834 mortem
1457 3763 1620 3838 tuemini
1643 3766 1698 3848 H,
1727 3769 1891 3847 quondam
1913 3763 2049 3848 plebani

390 3867 426 3934 in
442 3867 595 3950 Ygestat,
620 3867 825 3935 vendidimus
847 3868 1094 3934 honorabilibus
1117 3869 1256 3938 dominis
1274 3923 1280 3936 .
1300 3923 1306 3936 .
1324 3874 1449 3938 deceno
1466 3879 1499 3938 et
1516 3871 1713 3944 canottmon
1729 3871 1867 3942 ecclesie
1883 3871 2050 3941 manun-

390 3973 561 4040 vordensis
594 3993 653 4056 pro
683 3977 795 4041 decem
824 3981 858 4040 et
887 3980 962 4040 octo
991 3974 1112 4042 marcis
1142 3995 1213 4044 cum
1245 3976 1379 4044 dimidie
1402 3977 1606 4046 Coloniensir
1634 3985 1773 4059 monete,
1798 3997 1897 4060 quem
1918 3977 2051 4059 quidem

390 4080 562 4161 pecuniam
592 4099 652 4147 nos
681 4079 846 4162 recepisse
876 4086 910 4146 et
939 4079 1182 4150 inutilitatem
1211 4083 1317 4151 nostri
1347 4091 1528 4152 conventus
1556 4085 1761 4152 convertisse
1784 4084 2050 4168 recognoscImus

391 4205 450 4268 per
479 4193 659 4268 presentes.
706 4187 746 4252 In
777 4186 869 4254 euius
900 4187 949 4253 rei
978 4187 1182 4256 evidenciam
1212 4176 1398 4272 presentem
1427 4190 1572 4260 litteram
1602 4191 1709 4258 nostri
1734 4199 1915 4262 conventus
1940 4189 2051 4274 sigillo

390 4292 586 4360 tradidimus
613 4292 852 4360 communitam.
900 4294 1022 4361 Datum
1050 4302 1085 4362 et
1115 4302 1225 4362 actum
1256 4316 1342 4366 anno
1373 4296 1494 4364 domini
1515 4299 1556 4364 ιιι.
1579 4291 1641 4364 co’c.
1659 4277 1710 4379 il,
1738 4297 1847 4364 idibus
1878 4295 2049 4364 labrusrii.

604 4434 651 4489 Or.
665 4435 753 4504 Ppmt.
791 4434 961 4506 Abbuapend
978 4436 1030 4491 dua
1047 4441 1129 4490 druos
1148 4437 1316 4508 bescbdds'ptc
1333 4437 1428 4508 διᾶραι.
1465 4438 1504 4492 st.
1518 4438 1552 4492 A.
1568 4437 1619 4492 Fr.
1632 4439 1731 4492 Barth.
1745 4439 1786 4492 St.
1799 4439 1853 4493 No.
1866 4441 1948 4492 2734.

602 4523 703 4578 (Idm
720 4525 764 4593 B,
783 4528 836 4580 366
854 4526 925 4578 narb
942 4525 1003 4580 dem
1023 4524 1069 4579 Or.
1089 4565 1096 4579 .

608 4613 701 4666 Vere„-
718 4614 824 4681 Scribo,
843 4614 887 4681 II,
906 4614 960 4668 No.
974 4617 1036 4682 941,
1054 4613 1113 4668 III
1129 4611 1180 4668 No.
1193 4618 1273 4670 2286.

388 4898 481 4976 858.
503 4908 706 4988 Scaeuam,
731 4909 887 4990 Scbdffen,
910 4909 997 4974 Rue
1020 4910 1087 4973 tend
1110 4909 1240 4994 Bdrper
1264 4929 1323 4972 voa
1348 4907 1530 4992 Fronlcfsrt
1553 4909 1691 4992 befrcica
1712 4909 1763 4974 ua
1789 4909 1887 4974 Gic‘ter
1909 4909 1972 4974 des
1995 4929 2055 4974 eon

504 5014 630 5079 Arnold
652 5038 712 5080 veo
737 5015 907 5101 Gluuburp
930 5017 1043 5080 iader
1064 5017 1110 5081 St.
1129 5014 1435 5098 Machaon-Kaputa
1457 5017 1633 5101 pcatt'fteten
1656 5015 1770 5081 Acars
1794 5037 1853 5082 von
1870 5013 1965 5080 Beue
1988 5017 2054 5080 ιιιιιι

503 5123 644 5188 serem.
690 5121 726 5186 F
724 5123 885 5204 randfurt,
911 5128 997 5188 1305
1021 5123 1171 5188 Fcbruur
1193 5127 1246 5188 24.

497 5263 673 5346 Scultetus‚
697 5316 703 5329 .
724 5316 729 5328 .
752 5263 888 5346 scabini,
912 5316 918 5330 .
938 5317 944 5329 .
967 5263 1117 5330 consules
1135 5315 1141 5328 .
1161 5315 1167 5328 .
1186 5262 1351 5344 ceterique
1382 5261 1471 5330 cives
1501 5260 1835 5329 Frnnkinlordenses.
1883 5261 2055 5330 Noverint

387 5368 534 5437 universi
552 5368 577 5444 ll
594 5371 719 5437 Christi
741 5370 863 5453 fideles
888 5373 930 5436 ad
956 5390 1037 5453 quos
1054 5371 1117 5435 boc
1133 5389 1269 5451 presens
1285 5368 1443 5452 scriptum
1461 5369 1659 5451 pervenerit,
1677 5373 1773 5451 quod,
1791 5387 1862 5436 cum
1875 5369 2055 5436 Arnnldus

388 5477 497 5542 dietus
526 5479 567 5542 de
590 5476 801 5561 Glonburg,ll
825 5484 939 5544 noster
969 5476 1125 5558 concivis,
1159 5496 1199 5542 ex
1221 5475 1439 5559 inspiratione
1462 5475 1576 5542 divina
1599 5475 1706 5542 altare
1729 5474 1763 5541 in
1788 5473 1918 5557 capella
1943 5477 2055 5543 sancti

659 5669 795 5713 Venostes
809 5671 851 5713 des
864 5669 978 5713 Drucker
992 5669 1030 5712 ber·
1039 5669 1086 5712 Β..·
1099 5671 1125 5723 gl
1141 5668 1288 5720 „domuum¹.
1317 5667 1342 5720 ιι)
1357 5667 1515 5723 Kopialbuclt
1527 5671 1621 5720 ,quos“,
1635 5666 1718 5711 οιοιιω
1732 5667 1797 5710 auct
1807 5667 1856 5710 Β.ἰ
1868 5665 2055 5723 ιὀνιιιῃοιιιιειι

602 5741 757 5794 Bemerlrunp
772 5742 807 5783 im
821 5740 856 5784 M.
869 5740 894 5784 S.
923 5742 941 5791 l)
955 5741 985 5784 B.
1002 5743 1150 5795 ‚exprme'‚
1163 5751 1189 5784 so
1203 5739 1268 5784 auch
1281 5739 1388 5784 Reimer.
1417 5737 1444 5793 k)
1460 5743 1634 5794 ,nupserunt
