4400 6384
385 317 451 382 474
962 314 1032 370 1309
1051 313 1129 370 llllrz
1148 314 1181 368 11
1201 344 1235 356 -
1255 313 1326 370 1309
1343 312 1400 368 liei
1418 313 1461 369 28.

354 573 358 581 .
377 501 382 509 ’
492 514 559 579 Nos
575 510 893 594 iraterWylhelmus
910 510 1018 576 dictus
1035 512 1140 576 abbas
1156 517 1188 576 et
1205 563 1211 575 .
1228 562 1234 575 .
1249 518 1431 577 conventus
1446 510 1639 577 monasterii
1654 510 1870 595 inArnsburg
1884 533 2043 596 recogno·

386 617 505 686 scimus
520 617 554 685 in
570 617 632 684 hiis
649 617 783 700 scriptis
801 616 928 698 publice
946 618 1148 700 profitentes,
1164 615 1189 688 ll
1203 636 1262 684 nos
1275 637 1296 682 a
1308 616 1452 684 discreto
1465 617 1536 684 viro
1550 617 1740 700 Gisilberto,
1754 619 1864 705 civili)
1875 619 2042 686 Frankin-

385 725 549 806 vordensi,
575 725 663 792 dicto
680 727 719 789 de
734 723 915 804 Wetilaria,
941 727 1101 789 ducentas
1118 724 1279 789 decernet
1296 730 1369 789 octo
1386 743 1516 790 marcas
1532 724 1742 791 denariorum
1758 726 2001 792 Coloniensium
2017 725 2041 798 ll

385 833 542 898 bonorum
566 839 600 898 et
624 829 778 914 legalium
801 830 965 912 recepisse
990 837 1023 896 et
1047 849 1118 895 cum
1143 830 1264 897 eisdem
1281 849 1407 896 annuos
1422 830 1573 896 redditus
1589 829 1813 897 inlronotatos
1830 851 2040 914 conparasse,

385 937 537 1005 videlicet
564 936 599 1004 in
623 937 803 1002 Holzhusin
827 935 861 1002 in
885 943 995 1002 strata
1017 935 1242 1020 Mollguntino
1265 937 1343 1002 XX.
1367 937 1490 1003 octalia
1513 937 1662 1020 siliginis,
1687 937 1766 1004 item
1788 938 1822 1005 in
1845 939 2041 1004 Eschebacl

385 1041 548 1126 superiori
577 1008 657 1108 flii.
687 1043 808 1109 octalia
840 1041 989 1126 siliginis
1021 1042 1099 1108 item
1130 1042 1165 1108 in
1196 1043 1375 1109 Rodeheim
1406 1045 1494 1126 apud
1523 1043 1706 1110 Pettirwile
1738 1010 1889 1112 xxiiii.
1919 1045 2041 1110 octalia

385 1149 537 1234 siliginis
568 1148 646 1215 item
673 1149 707 1215 in
735 1150 914 1232 Steynvort
938 1150 1015 1214 XII.
1044 1149 1166 1215 octalia
1197 1149 1336 1233 siliginis
1364 1152 1404 1216 de
1435 1149 1618 1216 molendino
1649 1152 1711 1216 sub
1742 1159 1861 1233 monte,
1894 1151 1977 1217 item
2008 1151 2038 1216 in

384 1256 489 1322 blorle
511 1254 662 1322 inferiori
681 1257 808 1322 XVIII.
827 1255 949 1322 octalia
973 1255 1123 1339 siliginis
1148 1258 1188 1322 de
1212 1255 1330 1337 quibus
1354 1255 1484 1337 quidem
1507 1255 1690 1322 redditibus
1708 1309 1715 1321 .
1735 1309 1741 1322 .
1758 1257 1918 1341 magister
1932 1258 2040 1341 hospi·

386 1361 463 1428 talis
493 1362 610 1444 nostri,
636 1361 691 1443 qui
721 1381 780 1444 pro
814 1368 959 1445 tempore
972 1360 1093 1454 *fuerit
1119 1362 1153 1428 in
1176 1361 1353 1428 remedium
1377 1363 1560 1428 animarum
1584 1363 1724 1444 predicti
1747 1363 1812 1429 Gil.
1836 1384 1875 1430 ac
1900 1365 2037 1430 omnium

385 1475 558 1552 parentum
582 1488 712 1535 suorum
729 1469 763 1534 ln
780 1488 852 1534 sero
869 1466 949 1534 festi
965 1468 1054 1534 beati
1070 1468 1265 1534 Michahelis
1281 1468 1473 1552 archangeli
1488 1469 1634 1551 proxime
1651 1490 1736 1536 nunc
1752 1471 1884 1552 venturi
1900 1480 2037 1552 quatuor

385 1595 548 1658 pauperes
571 1575 661 1641 ultra
684 1593 853 1640 numerum
877 1573 1051 1657 egentium,
1077 1595 1172 1655 quem
1195 1575 1355 1640 hactenus
1371 1573 1405 1640 in
1422 1582 1534 1640 nostro
1551 1575 1708 1658 hospitali
1724 1578 1846 1642 habere
1861 1578 2036 1643 conswevi-

385 1669 467 1764 mus,
492 1681 629 1764 recipiet
659 1688 693 1747 et
720 1684 850 1747 eosdem
873 1681 907 1746 in
933 1700 1015 1747 cena
1038 1689 1163 1762 pascet,
1188 1700 1284 1746 mane
1307 1700 1444 1762 quoque,
1470 1701 1542 1747 cum
1565 1683 1655 1765 ipsos
1678 1683 1712 1747 in
1737 1683 1875 1765 prandio
1900 1683 2034 1766 paverit,

386 1791 515 1854 eosdem
539 1787 692 1869 dimittet,
717 1787 799 1853 alios
823 1807 950 1868 quoque
974 1794 1115 1868 quatuor
1139 1807 1302 1870 pauperes
1325 1790 1367 1853 ad
1391 1787 1591 1854 consimilem
1614 1788 1759 1872 graciam
1782 1789 1921 1872 recipiet
1946 1793 2033 1857 etsie

390 1892 492 1960 faciet
509 1893 645 1978 singulis
662 1894 776 1960 diebus
791 1893 826 1959 in
843 1901 1009 1976 posterum
1026 1893 1193 1976 perpetuis
1207 1893 1408 1976 temporibus
1420 1895 1665 1981 duraturam(l).
1692 1895 1918 1962 Promittimus
1930 1898 2032 1979 etiam,

386 2004 471 2082 quod
488 1999 627 2082 predicti
644 2020 806 2083 pauperes
823 2000 960 2084 singulis
978 2000 1149 2066 dominicis
1165 2001 1290 2082 diebus,
1308 2001 1416 2068 tertiis
1432 2009 1466 2067 et
1482 2001 1604 2082 quintis
1621 2001 1722 2084 leriiS,
1737 2002 1901 2085 carnibus
1915 2003 2033 2072 vincet

385 2127 450 2173 non
480 2107 635 2173 buccellis
667 2107 738 2172 sive
768 2105 975 2190 fragmentis
1002 2109 1058 2172 sed
1089 2125 1175 2188 pane
1205 2107 1346 2190 integro,
1371 2127 1434 2189 quo
1452 2160 1459 2172 .
1479 2159 1485 2172 .
1503 2114 1685 2174 conventus
1715 2116 1829 2175 noster
1851 2111 1943 2177 vesci
1968 2132 2033 2178 con-

387 2213 515 2294 swevit,
540 2220 729 2296 vescantur,
755 2211 890 2294 reliquis
920 2233 998 2278 vero
1030 2212 1144 2278 diebus
1168 2233 1253 2296 pane
1278 2233 1317 2279 ac
1341 2214 1414 2280 aliis
1437 2215 1471 2280 in
1495 2222 1609 2281 nostro
1627 2268 1633 2280 .
1653 2267 1660 2282 .
1678 2223 1842 2283 conventu
1866 2219 2033 2285 conswetis

386 2318 519 2386 cibariis
542 2326 742 2387 recreentur.
791 2319 854 2384 Est
878 2319 978 2385 etiarn
1002 2320 1063 2384 hoc
1087 2319 1263 2401 adiectum,
1288 2323 1383 2401 quod,
1409 2321 1438 2386 si
1460 2321 1495 2386 in
1519 2321 1704 2403 prenotatis
1728 2330 1785 2388 aut
1805 2343 1917 2390 eorum
1933 2325 2031 2408 aliquo

385 2423 512 2492 inventi
541 2423 698 2492 fuerimus
729 2424 858 2492 desides
888 2426 941 2492 vel
970 2425 1109 2507 temlesi,
1129 2477 1135 2490 .
1155 2426 1308 2492 ‚scabini
1335 2426 1369 2492 in
1392 2427 1607 2512 Mincenberg
1637 2427 1787 2509 prefatos
1810 2431 1961 2497 redditus
1984 2452 2033 2514 per

386 2515 484 2597 uuum
515 2551 635 2598 annum
665 2533 863 2598 solummodo
893 2531 927 2597 in
959 2551 1075 2614 penam
1107 2539 1254 2598 nostram
1285 2533 1399 2599 usibus
1430 2532 1481 2599 sui
1510 2533 1685 2616 hospitalis
1708 2534 1828 2602 ibidem
1851 2538 2032 2620 applicandi

386 2619 555 2703 habebunt
577 2636 714 2704 liberam
739 2644 949 2720 potestatem,
975 2658 1037 2719 quo
1062 2657 1148 2704 anno
1172 2638 1295 2720 elapso,
1320 2638 1400 2705 dicti
1417 2641 1565 2707 redditus
1582 2644 1624 2706 ad
1641 2649 1790 2709 nostrum
1805 2645 2032 2710 monasterium

385 2742 487 2810 liber'e
517 2750 735 2826 revertentur,
760 2743 864 2811 modis
895 2751 928 2810 et
958 2743 1203 2810 condicionibus
1227 2745 1474 2828 suprascriptis.
1523 2748 1569 2813 Ut
1593 2756 1703 2815 autem
1727 2749 1888 2832 premIssa
1911 2759 1947 2816 et
1969 2771 2032 2833 pre·

385 2849 556 2917 missorum
580 2849 710 2934 singula
734 2871 754 2917 a
777 2850 871 2916 nobis
895 2858 929 2917 et
952 2850 1075 2917 nostris
1094 2903 1099 2916 .
1120 2904 1126 2916 .
1144 2851 1389 2919 successoribus
1413 2860 1490 2920 rata
1513 2861 1547 2920 et
1569 2853 1764 2924 inconvulsa
1778 2855 2033 2924 irrevocabiliter

386 2957 613 3040 observentur,
639 2957 829 3038 supradicto
847 2957 1037 3042 Gysilberto
1055 2961 1170 3024 damus
1185 2960 1247 3024 has
1263 2958 1387 3025 litteras
1403 2959 1510 3043 sigillo
1526 2968 1640 3028 nostro
1656 2961 1798 3029 fideliter
1813 2965 2029 3030 cornmunitas.

386 3065 507 3129 Actum
537 3070 570 3130 et
601 3066 713 3130 datum
744 3085 829 3130 anno
860 3063 982 3132 domini
1011 3065 1051 3130 n.
1074 3059 1141 3131 cic.
1163 3084 1258 3147 nono,
1290 3063 1323 3130 io
1354 3065 1526 3149 dominica,
1558 3087 1624 3149 qua
1654 3075 1827 3135 cantatur:
1859 3070 1958 3136 Oculi
1977 3071 2032 3136 mei

389 3188 527 3252 semper.

603 3258 649 3313 Or.
665 3259 753 3329 Ppmt.
766 3259 816 3314 mit
835 3259 929 3330 Siepel.
967 3258 1043 3314 Lien.

599 3347 700 3402 θωνα
717 3348 818 3402 Arneb.
833 3348 925 3416 Ureu,
943 3351 997 3404 260
1016 3347 1162 3418 (pelcr'irrt).

604 3435 697 3490 Vera:
714 3435 819 3504 Scribo,
838 3437 858 3489 I
862 3436 909 3504 V',
928 3437 982 3490 No.
996 3438 1067 3492 3⁷67
1085 3453 1122 3490 en
1140 3436 1224 3492 Mdrr
1243 3440 1267 3491 9.

386 3771 477 3848 915.
501 3781 612 3866 Koor'p
642 3782 794 3846 Heioricb
818 3782 897 3848 Vll.
925 3785 1042 3849 belelmt
1071 3786 1131 3849 deo
1154 3786 1311 3867 Wolfroot
1341 3791 1396 3850 orii
1426 3789 1508 3852 olleo
1538 3789 1758 3869 Brit-belchae,
1791 3793 1903 3856 roelrlae
1931 3794 2037 3857 elersen

502 3888 598 3954 Voter
628 3890 791 3970 Heinrich,
823 3891 957 3956 eleemuls
988 3892 1181 3956 Seleultbeiss
1213 3915 1273 3956 erere
1295 3893 1489 3975 Fratri-suri,
1521 3897 1662 3960 besessen
1691 3898 1754 3962 leot.
1803 3901 2036 3982 Speper‚1aoo

503 3995 601 4060 Mdre
625 4002 677 4061 11.

493 4119 561 4185 Nos
584 4119 760 4186 Heinricus
790 4121 842 4186 dei
873 4120 987 4204 gracia
1010 4123 1233 4188 Romanorum
1262 4143 1331 4205 rex,
1356 4143 1484 4206 semper
1513 4133 1683 4209 augustus.
1732 4130 1784 4193 Ad
1813 4129 2038 4196 universorum

386 4223 543 4290 noticiam
567 4225 715 4306 cupimus
738 4227 950 4309 perllvenire,
976 4231 1061 4310 quod
1077 4247 1138 4294 nos
1152 4227 1346 4295 fidelitatem
1361 4230 1511 4297 strennui
1526 4230 1589 4298 viri
1598 4231 1780 4315 Wolirami,
1806 4235 1865 4301 lilii
1880 4239 2038 4316 quondam

386 4328 535 4396 Heinrici
565 4331 698 4398 sculteti
728 4335 767 4399 de
786 4333 810 4408 ll
829 4333 1066 4416 Frankenliut,
1098 4334 1203 4400 fidelis
1234 4336 1338 4402 nostri
1370 4336 1496 4418 dilecti,
1529 4340 1695 4406 attentius
1724 4345 1950 4423 attendentes
1981 4341 2042 4407 sibi

388 4435 496 4502 omnia
519 4434 627 4520 feoda,
652 4459 714 4520 que
738 4439 823 4504 idem
848 4459 933 4506 suus-
951 4448 1046 4522 pater
1063 4440 1089 4514 ll
1108 4440 1171 4507 rite
1195 4448 1229 4507 et
1251 4437 1496 4509 racionabiliter
1518 4446 1561 4511 ab
1584 4444 1719 4528 imperio
1743 4449 1863 4530 tenuit,
1887 4451 1930 4514 de
1954 4447 2040 4513 beni·

386 4541 515 4628 gnitate
548 4543 641 4627 regia
672 4545 824 4612 duximus
858 4549 1074 4612 concedende.
1129 4547 1339 4614 Presencium
1370 4549 1556 4617 testimonio
1589 4551 1776 4620 litterarum
1806 4555 1914 4620 nostri
1945 4553 2043 4638 sigilli

386 4651 503 4716 robore
527 4650 740 4733 signatarum.
777 4652 900 4718 Datum
927 4653 1029 4734 Spire,
1048 4633 1086 4720 il.
1109 4651 1182 4719 idus
1208 4653 1333 4736 marcii,
1358 4675 1444 4722 anno
1474 4656 1595 4723 domiui
1617 4658 1786 4727 millesimo
1811 4661 2042 4727 trecentesimo

386 4775 480 4822 nono.
529 4755 637 4840 Regni
660 4777 738 4824 vero
762 4758 868 4824 nostri
891 4779 976 4825 anno
1002 4758 1115 4840 primo.

602 4881 648 4936 Or.
663 4881 750 4952 Ppmt.
788 4883 930 4952 Siepelreet
948 4885 1121 4954 anddnpend.
1159 4884 1539 4941 commemoratarum.
1557 4887 1621 4942 ure.

601 4969 700 5024 Gedrs
721 4971 820 5039 Tabor,
840 4971 1035 5042 Vertbeidiptes
1052 4974 1121 5028 kaie.
1135 4975 1309 5044 bipertitum,
1328 4978 1372 5043 85,
1400 4976 1444 5043 B,
1463 4979 1515 5031 335
1533 4977 1604 5031 nocb
1621 4977 1681 5030 ἀιηι
1702 4978 1748 5032 Or.
1769 5019 1775 5031 .

604 5058 698 5113 Vera:
715 5060 760 5128 B,
779 5061 846 5128 Req.
860 5061 969 5129 Heinr,
983 5061 1037 5115 No.
1052 5064 1096 5116 50.

384 5396 476 5473 916.
501 5405 611 5492 Kdm'p
635 5407 788 5472 Heinrich
809 5407 888 5472 VII.
912 5409 1047 5488 heberent,
1072 5410 1143 5474 clem
1161 5410 1357 5492 Erebisehos
1371 5411 1461 5477 Peter
1485 5435 1543 5478 eon
1558 5413 1674 5480 Metine
1697 5422 1785 5480 3950
1802 5415 1924 5497 Hateri
1941 5419 2051 5482 Heller

501 5513 559 5594 seir
589 5514 755 5598 Areslopen
789 5515 836 5579 bei
867 5519 969 5580 sebeon·
998 5517 1091 5581 Wald
1120 5518 1187 5582 und
1216 5517 1377 5604 Krdnuoq
1409 5521 1473 5584 renui
1502 5526 1567 5585 585
1599 5520 1713 5603 Pfund
1743 5523 1850 5587 Hellen
1885 5547 1954 5590 eron
1983 5525 2051 5589 dem

500 5619 737 5685 Jndeneebnten
759 5621 1010 5704 averruncare,
1031 5625 1230 5705 oppenheim,
1248 5625 1413 5707 Boppord,
1433 5628 1613 5707 Oberwesel‚
1633 5628 1757 5695 Worms
1780 5629 1843 5694 und
1861 5633 1913 5694 im
1929 5631 2052 5696 Elsoss

499 5746 541 5788 eu
564 5726 723 5807 subdidere,
740 5727 807 5791 und
822 5729 994 5810 ee-rspriebt
1009 5730 1059 5794 die
1074 5729 1266 5816 Ersiottuop
1281 5732 1384 5797 dieser
1399 5734 1556 5799 Summae.
1594 5733 1774 5816 Konstone,
1792 5741 1884 5801 1309
1903 5738 1985 5803 Mei
2000 5741 2053 5804 28.
