4400 6384
389 289 456 352 420
1083 289 1153 342 1303
1172 288 1290 342 October
1309 290 1350 344 16.

388 505 409 550 a
432 484 518 550 festo
543 484 730 550 nativitatis
754 484 874 550 domini
898 484 1044 566 proximo
1066 493 1142 567 post
1165 506 1285 552 annum
1305 487 1488 554 revolutum
1513 493 1643 552 centurn
1658 506 1788 554 marcas
1806 487 2049 554 Coloniensium

387 593 604 672 denariorum,
630 591 735 656 tribus
765 591 964 656 heliensibus
995 613 1054 674 pro
1085 592 1200 674 quovis
1232 594 1366 660 denario
1399 595 1627 676 conputandis,
1653 597 1693 660 de
1723 595 1907 660 redditibus
1931 596 2047 662 nobis8

387 699 556 766 annuatim
580 719 601 764 a
623 699 716 764 vobis
740 698 858 763 debitis
882 706 995 764 nostro
1020 700 1149 766 nomine
1174 700 1338 782 tribuatis,
1363 704 1466 766 donec
1490 700 1520 765 ei
1536 701 1589 768 vel
1605 709 1680 782 post
1697 721 1768 767 eum
1785 702 1853 767 suis
1870 703 2047 768 heredibus

386 807 569 872 dederimus
599 807 685 872 mille
715 826 844 871 marcas
874 806 1082 872 denariorum
1107 807 1355 888 boloniensium,
1382 814 1415 873 et
1444 809 1505 872 hoc
1536 808 1630 874 vobis
1661 827 1719 890 per
1749 816 1882 874 nostras
1913 809 2046 875 litteras

386 912 672 993 notificaverirnus,
698 920 731 978 ct
755 913 905 994 quicquid
930 913 993 978 sibi
1016 913 1110 978 iuxta
1135 921 1281 979 tenorem
1305 912 1497 994 premissum
1520 914 1688 996 dederitis
1714 917 1754 980 de
1777 916 1838 980 hoc
1859 935 1920 982 vos
1937 916 2046 997 quitos

387 1026 420 1084 et
443 1020 567 1085 solutos
590 1020 737 1101 dicimus
763 1022 822 1084 sub
847 1019 1051 1100 presencium
1075 1019 1261 1086 testimonio
1286 1020 1473 1085 litterarum.
1522 1021 1645 1086 Datum
1661 1021 1932 1106 Asclraffcnborg,
1960 1043 2044 1088 anno

387 1125 508 1190 domini
532 1127 572 1190 rb.
596 1122 661 1191 616,
684 1127 796 1208 tercio,
826 1107 934 1190 XVll.
957 1127 1117 1191 kalendas
1141 1127 1337 1193 novembris.

602 1268 648 1322 Or.
662 1269 750 1338 Ppml.
788 1269 851 1322 Das
869 1269 1045 1338 obbonpende
1065 1267 1152 1338 Siepel
1170 1269 1244 1333 selcll.
1281 1268 1433 1322 111116.
1464 1269 1530 1339 Ugb.
1550 1270 1585 1322 Ε.
1600 1273 1643 1323 43.
1665 1270 1708 1324 Oc.

600 1356 699 1410 Gedr.:
717 1359 761 1424 B„
781 1361 833 1410 353
851 1359 921 1410 noch
939 1358 998 1410 dcto
1019 1358 1064 1412 Or.
1086 1399 1091 1410 .

599 1447 712 1516 1169661.Ι
730 1447 827 1514 Sacer,
845 1444 887 1514 1¹,
907 1449 948 1500 54.

386 1768 477 1844 832.
501 1778 695 1842 Sclmlllcciss
724 1778 884 1859 Gottsriccl
914 1778 1019 1860 Bcper
1053 1779 1117 1841 666161
1149 1779 1199 1841 dic
1231 1779 1377 1860 Sclldffcn
1412 1800 1469 1842 con
1502 1778 1535 1841 F
1536 1779 1686 1861 conlisuri
1719 1781 1930 1856 leur-lunden,
1963 1781 2037 1844 class

499 1886 630 1950 Dialo-
656 1909 712 1950 con
739 1886 925 1952 (lbcrslcclcn
954 1885 1021 1948 und
1043 1886 1152 1949 classen
1185 1885 1278 1949 Fran
1302 1884 1465 1949 Elisabeth
1495 1886 2037 1970 6616116116666161666166·11611966ιῖ6

504 1994 751 2071 61·616,11”111666
774 1994 829 2056 cles
852 1991 1355 2076 1166661111666661111666,
1382 1999 1424 2056 10
1441 1992 1552 2056 Acblcl
1566 1993 1697 2076 Repperi
1715 1994 1859 2074 jdlnllclr
1884 2015 1942 2058 con
1964 1997 2037 2058 ccccl

501 2104 535 2163 in
557 2102 670 2166 Slcclcn
692 2122 736 2164 on
761 2099 859 2164 Grclc
883 2104 1072 2183 rcsipairlca
1095 2099 1207 2180 Huscn
1236 2099 1380 2180 ccrlcoccsl
1403 2099 1513 2164 leuben.
1561 2106 1648 2164 1303
1675 2102 1804 2168 October
1827 2107 1880 2165 16.

491 2259 558 2322 Nos
583 2255 757 2324 Gotfridus
781 2257 887 2323 dictus
904 2259 1011 2341 Beycr
1034 2257 1136 2339 miles
1163 2259 1332 2340 scultetus,
1351 2266 1385 2324 et
1402 2311 1408 2323 .
1428 2310 1434 2323 .
1453 2258 1580 2324 scabini
1603 2261 1642 2325 de
1659 2257 1902 2340 Frankinvord‚
1927 2279 2034 2342 recog-

385 2368 548 2430 noscimus
572 2372 606 2430 et
630 2371 782 2430 constare
801 2364 825 2436 ll
843 2365 989 2446 cupimus
1006 2364 1211 2445 presencium
1226 2365 1467 2446 inspectoribus
1484 2373 1518 2430 et
1535 2365 1740 2430 auditoribus
1756 2365 1928 2444 universis
1954 2369 2031 2446 quod

385 2472 554 2554 Dytberus
587 2479 619 2537 et
652 2471 846 2554 Elyzabetn,
882 2471 951 2537 eius
983 2491 1065 2537 uxor
1090 2471 1114 2542 ll
1136 2471 1307 2555 legittima,
1342 2475 1382 2536 de
1413 2472 1492 2538 villa
1522 2471 1684 2554 superiori
1717 2472 1831 2537 Stedin
1859 2472 1895 2537 in
1925 2479 2030 2537 nostra

386 2579 557 2661 presencia
587 2578 758 2644 constituti
788 2579 1027 2644 communicata
1056 2598 1154 2644 manu
1189 2579 1324 2660 parique
1356 2597 1516 2644 consensu
1544 2577 1792 2650 vendidcllrunt
1814 2577 1903 2645 iusto
1926 2579 2029 2645 rendi-

385 2685 487 2751 cionis
518 2685 613 2750 titulo
638 2687 750 2765 Gretc,
781 2685 895 2750 relicte
919 2687 1082 2765 quondam
1107 2686 1252 2751 Cunradi
1274 2685 1354 2750 dicti
1377 2684 1503 2750 Wizsin
1526 2687 1566 2750 de
1590 2685 1739 2768 Dypurg,
1764 2691 1876 2750 nostre
1901 2684 2027 2765 conciri,

384 2797 496 2858 decem
526 2792 648 2858 octalia
671 2791 811 2875 siliginis
834 2791 1159 2857 Frankinvordensis
1183 2811 1333 2858 mensure
1356 2791 1473 2875 legalis
1498 2797 1531 2856 et
1553 2793 1637 2857 bene
1662 2798 1802 2875 purgate
1826 2811 1954 2858 annone
1976 2811 2027 2873 pro

384 2899 503 2983 viginti
533 2899 674 2980 quinque
705 2899 825 2964 marcis
854 2898 1062 2964 denariorum
1087 2898 1327 2964 boloniensium
1357 2897 1509 2982 legalium
1533 2905 1567 2963 et
1589 2900 1758 2979 bonorum,
1783 2899 1865 2979 ipsis
1890 2899 2026 2982 Dythcro

385 3013 417 3071 et
440 3006 635 3089 Elyzabeth,
661 3005 731 3071 eius
747 3004 886 3088 coniugi,
912 3008 953 3070 ab
977 3005 1051 3087 ipsa
1067 3008 1172 3073 Greia
1194 3005 1337 3074 traditis.
1363 3004 1542 3071 numeratis
1560 3011 1593 3070 et
1609 3005 1795 3086 persolutis
1821 3005 1911 3071 dicta
1927 3007 2025 3070 decen

385 3112 506 3178 actalia
529 3112 667 3196 siliginis
692 3120 850 3194 perpetuo
874 3112 943 3178 iure
969 3112 1188 3193 proprietario
1213 3113 1410 3192 possidenda
1434 3119 1467 3178 et
1491 3115 1533 3178 ad
1549 3113 1785 3194 disponendum
1802 3111 2024 3179 olfaciendum

383 3222 424 3284 de
448 3219 528 3301 ipsis
552 3222 663 3284 decern
686 3219 857 3299 6616111113,
883 3221 969 3299 quod
991 3219 1095 3301 ipsius
1120 3221 1222 3286 Grete
1246 3219 1407 3301 placuerit
1424 3219 1597 3300 voluntati,
1620 3219 1758 3301 ipsaque
1782 3222 1893 3285 decern
1916 3217 2024 3284 actalia

384 3325 523 3409 siliginis
547 3325 675 3391 nornine
699 3345 805 3390 annue
829 3325 995 3406 pensionis
1019 3326 1082 3408 ipsi
1107 3329 1208 3392 Grete
1234 3326 1328 3392 annis
1353 3326 1490 3409 singulis
1512 3323 1602 3392 inira
1618 3329 1681 3393 duo
1698 3324 1787 3393 festa
1802 3323 2022 3408 assumptionis

384 3440 418 3499 et
449 3433 636 3500 nativitatis
669 3435 766 3498 beate
798 3433 903 3498 Marie
935 3432 1074 3515 virginis
1106 3433 1339 3500 Frankinvord
1376 3435 1416 3498 ad
1453 3437 1590 3514 domum,
1624 3453 1850 3515 quamcunque
1873 3429 2020 3508 maluerit,

384 3542 606 3622 presentanda
636 3546 670 3604 et
694 3538 895 3622 assignanda
918 3539 987 3604 suis
1009 3539 1177 3604 laboribus
1202 3547 1235 3605 et
1259 3540 1421 3621 expensis
1454 3560 1552 3622 super
1582 3543 1707 3606 duobus
1737 3539 1861 3606 mansis
1891 3536 2021 3621 proprie-

384 3646 488 3726 tariis
521 3653 589 3710 tam
619 3665 773 3729 agrorum
803 3665 899 3726 quam
931 3651 1109 3727 pratorum,
1139 3645 1172 3710 in
1208 3645 1357 3710 terminis
1382 3645 1468 3712 dicte
1492 3646 1568 3714 ville
1595 3646 1710 3712 Stcdin
1733 3646 1871 3712 sitorum
1893 3646 1925 3710 in
1947 3645 2019 3709 hunc

384 3756 528 3818 modurn:
553 3751 707 3818 videlicet
730 3751 849 3835 viginti
872 3752 988 3836 iugera
1011 3759 1099 3817 terre
1124 3751 1260 3817 arabilis
1284 3752 1352 3818 sita
1376 3759 1452 3818 sunt
1474 3751 1509 3818 in
1531 3752 1586 3818 illo
1611 3772 1723 3818 manso
1748 3753 1812 3818 sito
1836 3751 1922 3818 inira
1937 3750 2018 3818 villas

383 3859 584 3940 superiorem
617 3858 731 3924 Stedin
762 3867 794 3924 et
826 3858 938 3925 villam
969 3858 1161 3924 mediocrem
1198 3859 1311 3924 Stedin
1342 3859 1376 3924 in
1405 3857 1554 3925 infcriori
1584 3859 1674 3926 sulco
1705 3859 1785 3925 dicti
1808 3859 1926 3941 mansi;
1952 3857 2018 3922 item

383 3985 499 4033 novem
522 3966 721 4051 iugerera(!)
746 3973 925 4047 pratorum,
951 3985 1013 4045 que
1037 3965 1103 4031 sita
1127 3972 1203 4031 sunt
1228 3973 1261 4031 et
1285 3966 1441 4050 contigua
1465 3963 1605 4048 prefatis
1628 3966 1747 4050 viginti
1762 3966 1928 4049 iugeribus
1942 3970 2017 4029 terre

384 4071 528 4153 arabilis,
559 4071 638 4137 item
669 4074 779 4137 decem
806 4072 921 4155 iugera
944 4071 977 4137 in
1000 4091 1065 4137 uno
1089 4091 1170 4155 agro
1195 4071 1258 4138 sito
1282 4079 1371 4138 retro
1397 4072 1520 4138 curiam
1543 4070 1730 4138 inferiorem
1754 4072 1860 4155 ipsius
1883 4065 2015 4154 Dytheri

384 4186 417 4244 et
446 4179 567 4244 inuno
599 4200 678 4261 agro
711 4178 797 4246 dicto
821 4181 1046 4244 Anewendere
1077 4178 1230 4262 contiguo
1262 4177 1393 4260 prefato
1424 4198 1504 4263 agro
1535 4185 1624 4244 retro
1656 4177 1778 4244 curiam
1810 4179 1884 4260 sito,
1908 4184 2016 4259 septen

382 4285 552 4368 virgarum
582 4285 786 4368 longitudine
816 4285 922 4350 minus
952 4285 1104 4351 etunius
1135 4285 1228 4369 virge
1251 4285 1286 4350 in
1308 4286 1499 4368 latitudine;
1530 4285 1609 4350 item
1639 4285 1809 4350 duodecim
1831 4286 1943 4370 iugera
1963 4282 2016 4348 sita

384 4398 461 4456 sunt
496 4392 529 4456 in
560 4411 624 4456 uno
656 4412 735 4474 agro
767 4412 809 4457 an
840 4395 912 4457 dem
942 4392 1255 4475 Hoinmargsteine⁸
1284 4399 1318 4458 et
1348 4400 1522 4458 transeunt
1553 4392 1639 4459 viam
1671 4392 1794 4458 dictcm
1828 4393 2016 4472 Hoinberger

383 4499 483 4581 weig;
512 4498 591 4563 item
621 4498 654 4562 in
685 4517 748 4563 uno
780 4519 860 4586 agro
892 4499 979 4564 dicto
1010 4497 1182 4582 Oleiagkir
1213 4499 1276 4565 sito
1306 4501 1392 4580 apud
1423 4497 1588 4581 prefatam
1618 4499 1715 4580 viam,
1748 4519 1814 4580 qua
1842 4499 1909 4565 itur
1930 4494 2016 4562 Hoiu·

382 4606 473 4688 berg,
498 4624 582 4670 unus
605 4604 700 4687 iuger
723 4612 756 4670 et
780 4605 930 4670 dimidius
955 4612 988 4671 et
1011 4625 1078 4671 una
1100 4605 1196 4689 virga
1218 4605 1251 4670 in
1276 4606 1450 4672 latitudine
1467 4613 1500 4671 et
1518 4606 1656 4689 triginta
1671 4605 1766 4689 virge
1781 4606 1816 4672 in
1832 4601 2014 4689 longitudine

382 4718 459 4777 sunt
483 4712 554 4793 siti;
585 4712 664 4776 item
693 4709 831 4777 inferius
863 4715 948 4794 apud
980 4712 1086 4793 ipsam
1117 4713 1204 4778 viam
1234 4712 1267 4778 in
1291 4733 1355 4778 uno
1391 4733 1470 4796 agro
1503 4713 1591 4778 dicto
1617 4732 1659 4778 an
1677 4715 1748 4778 dem
1766 4712 1870 4779 Gerin
1893 4717 2014 4792 quatuor

381 4819 497 4902 iugera
521 4825 598 4884 sunt
629 4818 709 4899 sita3
740 4819 819 4884 item
851 4822 1032 4885 exadverso
1057 4827 1151 4884 trans
1175 4819 1262 4886 viam
1286 4819 1467 4901 predictam
1491 4838 1589 4901 super
1616 4821 1732 4884 rubum
1757 4819 1879 4884 dictum
1904 4813 2013 4882 Ditdiu·

381 4925 506 4990 keimer
535 4926 639 4990 hccke
669 4931 811 5006 quatuor
841 4925 958 5008 iugera
981 4923 1111 4992 minusb
1133 4925 1264 4991 dimidio
1287 4925 1399 5009 ingere
1424 4933 1500 4991 sunt
1524 4925 1598 4992 sita.
1646 4925 1913 5009 Resignaverunt
1931 4921 2012 4988 etiam

381 5029 479 5096 iidem
509 5032 677 5114 Dytberus
709 5039 742 5096 et
771 5033 958 5115 Elyzabcth
988 5030 1138 5114 prefatos
1170 5035 1250 5098 duos
1280 5053 1421 5114 mansos
1453 5033 1539 5098 sicut
1570 5031 1681 5117 situll)
1711 5039 1790 5097 sunt
1818 5031 1853 5098 in
1883 5029 1964 5114 agris
1986 5031 2012 5089 et

382 5138 496 5219 pratis
523 5144 560 5203 ut
584 5139 734 5220 superius
759 5146 809 5203 est
833 5158 1034 5219 expressum,
1058 5138 1092 5203 in
1116 5157 1232 5204 manus
1256 5139 1418 5221 prelibate
1443 5141 1545 5206 Grete
1570 5158 1680 5205 eoram
1704 5139 1808 5218 nobis,
1839 5134 2010 5204 resumendo

381 5248 510 5309 eosdem
542 5247 582 5310 ab
613 5245 687 5326 ipsa
718 5247 824 5311 Greta
846 5246 916 5310 iure
940 5245 1140 5311 hereditario
1165 5245 1388 5327 possidendos
1437 5249 1541 5331 Quam
1565 5245 1693 5326 quidem
1716 5245 1964 5328 resignacionem
1983 5245 2008 5302 ct

379 5351 632 5431 resumptionem
664 5350 787 5434 prelati
812 5353 980 5435 Dptherus
1004 5359 1038 5417 et
1060 5353 1247 5435 Elyzabeth
1277 5349 1428 5418 iecerunt
1450 5352 1485 5418 in
1509 5351 1658 5434 predicta
1681 5351 1760 5418 villa
1784 5350 1895 5418 Stedin
1917 5361 2007 5414 coram

381 5458 531 5538 sculteto,
551 5511 557 5524 .
577 5510 583 5522 .
601 5458 745 5524 scabinis
769 5466 803 5524 et
826 5459 900 5524 aliis
923 5458 1038 5524 incolis
1061 5458 1166 5541 ipsius
1190 5459 1265 5524 vilic
1292 5459 1406 5524 Stedin
1429 5458 1463 5525 in
1487 5477 1603 5524 manus
1628 5465 1661 5524 et
1684 5461 1724 5524 de
1748 5477 1847 5524 manu
1869 5454 2006 5539 prelibate

381 5565 493 5643 Grete,
525 5565 732 5644 presentibus
761 5569 893 5631 (lunone
917 5565 1078 5649 armigero
1103 5570 1142 5631 de
1167 5565 1429 5648 Briningisheim
1454 5572 1487 5631 at
1510 5564 1672 5648 Wigeloni
1695 5566 1789 5631 Rana
1799 5565 1844 5650 11),
1869 5555 2005 5638 sororiill)

647 5763 671 5810 a)
692 5756 766 5800 t’cber
780 5758 870 5801 Rasur.
899 5764 924 5811 a)
944 5758 1074 5802 Viclleiclrt
1087 5759 1150 5800 61661
1166 5757 1413 5811 „bernnargstcmct
1441 5757 1466 5812 b)
1484 5757 1559 5801 Ueber
1572 5757 1656 5801 Baarcr
1668 5757 1714 5812 fiir
1726 5757 1838 5811 6661116161
1852 5755 1933 5809 ,1111ιῦΙ
