<?xml version="1.0" encoding="UTF-8"?>
<!DOCTYPE html PUBLIC "-//W3C//DTD XHTML 1.0 Transitional//EN"
    "http://www.w3.org/TR/xhtml1/DTD/xhtml1-transitional.dtd">
<html xmlns="http://www.w3.org/1999/xhtml" xml:lang="en" lang="en">
 <head>
  <title>
</title>
<meta http-equiv="Content-Type" content="text/html;charset=utf-8" />
  <meta name='ocr-system' content='tesseract 3.04.00' />
  <meta name='ocr-capabilities' content='ocr_page ocr_carea ocr_par ocr_line ocrx_word'/>
</head>
<body>
  <div class='ocr_page' id='page_1' title='image "./codexdiplomatic00nathgoog_0464.png"; bbox 0 0 4400 6384; ppageno 0'>
   <div class='ocr_carea' id='block_1_1' title="bbox 420 337 1375 405">
    <p class='ocr_par' dir='ltr' id='par_1_1' title="bbox 420 337 1375 405">
     <span class='ocr_line' id='line_1_1' title="bbox 420 337 1375 405; baseline -0.01 -3"><span class='ocrx_word' id='word_1_1' title='bbox 420 340 486 405; x_wconf 74' lang='lat'>448</span> <span class='ocrx_word' id='word_1_2' title='bbox 1121 337 1191 391; x_wconf 86' lang='grc'><em>1306</em></span> <span class='ocrx_word' id='word_1_3' title='bbox 1208 337 1315 392; x_wconf 89' lang='lat' dir='ltr'>Januar</span> <span class='ocrx_word' id='word_1_4' title='bbox 1333 339 1375 392; x_wconf 83' lang='lat'>20.</span> 
     </span>
    </p>
   </div>
   <div class='ocr_carea' id='block_1_2' title="bbox 421 531 2061 1376">
    <p class='ocr_par' dir='ltr' id='par_1_2' title="bbox 421 531 2061 1254">
     <span class='ocr_line' id='line_1_2' title="bbox 422 531 2061 617; baseline 0.002 -19"><span class='ocrx_word' id='word_1_5' title='bbox 422 535 640 614; x_wconf 81' lang='lat' dir='ltr'>competebat,</span> <span class='ocrx_word' id='word_1_6' title='bbox 673 533 904 614; x_wconf 81' lang='lat' dir='ltr'><strong>promittentes</strong></span> <span class='ocrx_word' id='word_1_7' title='bbox 935 532 1162 598; x_wconf 82' lang='lat' dir='ltr'>nichilominus</span> <span class='ocrx_word' id='word_1_8' title='bbox 1192 531 1362 598; x_wconf 87' lang='lat' dir='ltr'>memorati</span> <span class='ocrx_word' id='word_1_9' title='bbox 1395 535 1569 616; x_wconf 79' lang='lat' dir='ltr'>Synandns</span> <span class='ocrx_word' id='word_1_10' title='bbox 1600 542 1632 600; x_wconf 91' lang='lat' dir='ltr'>et</span> <span class='ocrx_word' id='word_1_11' title='bbox 1663 535 1732 600; x_wconf 91' lang='lat' dir='ltr'>eius</span> <span class='ocrx_word' id='word_1_12' title='bbox 1762 533 1870 601; x_wconf 85' lang='lat' dir='ltr'>irater</span> <span class='ocrx_word' id='word_1_13' title='bbox 1901 538 2061 617; x_wconf 89' lang='lat' dir='ltr'>sepedictis</span> 
     </span>
     <span class='ocr_line' id='line_1_3' title="bbox 422 639 2059 722; baseline 0.003 -18"><span class='ocrx_word' id='word_1_14' title='bbox 422 639 585 722; x_wconf 90' lang='lat' dir='ltr'>Wigoloni</span> <span class='ocrx_word' id='word_1_15' title='bbox 615 647 648 706; x_wconf 90' lang='lat' dir='ltr'>et</span> <span class='ocrx_word' id='word_1_16' title='bbox 671 639 836 722; x_wconf 88' lang='lat' dir='ltr'>Wigoloni</span> <span class='ocrx_word' id='word_1_17' title='bbox 866 659 905 704; x_wconf 91' lang='lat' dir='ltr'>ac</span> <span class='ocrx_word' id='word_1_18' title='bbox 936 659 1046 705; x_wconf 91' lang='lat' dir='ltr'>eorum</span> <span class='ocrx_word' id='word_1_19' title='bbox 1076 639 1251 705; x_wconf 84' lang='lat' dir='ltr'>heredibus</span> <span class='ocrx_word' id='word_1_20' title='bbox 1284 639 1427 720; x_wconf 90' lang='lat' dir='ltr'>deipsis</span> <span class='ocrx_word' id='word_1_21' title='bbox 1452 640 1546 721; x_wconf 88' lang='lat' dir='ltr'>aquis</span> <span class='ocrx_word' id='word_1_22' title='bbox 1570 641 1711 722; x_wconf 89' lang='lat' dir='ltr'>quinque</span> <span class='ocrx_word' id='word_1_23' title='bbox 1736 640 1847 708; x_wconf 86' lang='lat' dir='ltr'>lacere</span> <span class='ocrx_word' id='word_1_24' title='bbox 1872 643 2059 710; x_wconf 85' lang='lat' dir='ltr'>warandian</span> 
     </span>
     <span class='ocr_line' id='line_1_4' title="bbox 421 745 2058 830; baseline 0.002 -19"><span class='ocrx_word' id='word_1_25' title='bbox 421 746 550 826; x_wconf 89' lang='lat' dir='ltr'>iustam,</span> <span class='ocrx_word' id='word_1_26' title='bbox 576 746 719 812; x_wconf 84' lang='lat' dir='ltr'>debitam</span> <span class='ocrx_word' id='word_1_27' title='bbox 743 752 777 811; x_wconf 93' lang='lat' dir='ltr'>et</span> <span class='ocrx_word' id='word_1_28' title='bbox 800 753 999 812; x_wconf 88' lang='lat' dir='ltr'>consuetam.</span> <span class='ocrx_word' id='word_1_29' title='bbox 1036 746 1153 812; x_wconf 82' lang='lat' dir='ltr'>Testes</span> <span class='ocrx_word' id='word_1_30' title='bbox 1177 745 1273 811; x_wconf 91' lang='lat' dir='ltr'>buius</span> <span class='ocrx_word' id='word_1_31' title='bbox 1297 752 1388 810; x_wconf 91' lang='lat' dir='ltr'>sunt:</span> <span class='ocrx_word' id='word_1_32' title='bbox 1414 747 1605 814; x_wconf 89' lang='lat' dir='ltr'>Hartwicus</span> <span class='ocrx_word' id='word_1_33' title='bbox 1629 750 1668 813; x_wconf 91' lang='lat' dir='ltr'>de</span> <span class='ocrx_word' id='word_1_34' title='bbox 1685 749 1765 814; x_wconf 77' lang='lat' dir='ltr'>Alta</span> <span class='ocrx_word' id='word_1_35' title='bbox 1781 751 1886 830; x_wconf 90' lang='lat' dir='ltr'>domo,</span> <span class='ocrx_word' id='word_1_36' title='bbox 1904 751 2058 816; x_wconf 73' lang='lat' dir='ltr'>(luuradus</span> 
     </span>
     <span class='ocr_line' id='line_1_5' title="bbox 422 849 2058 936; baseline 0.002 -20"><span class='ocrx_word' id='word_1_37' title='bbox 422 855 461 917; x_wconf 91' lang='lat' dir='ltr'>de</span> <span class='ocrx_word' id='word_1_38' title='bbox 487 853 604 935; x_wconf 87' lang='lat' dir='ltr'>Spyra,</span> <span class='ocrx_word' id='word_1_39' title='bbox 634 849 786 935; x_wconf 77' lang='lat' dir='ltr'>Spiridus</span> <span class='ocrx_word' id='word_1_40' title='bbox 811 854 851 916; x_wconf 93' lang='lat' dir='ltr'>de</span> <span class='ocrx_word' id='word_1_41' title='bbox 875 851 1076 936; x_wconf 87' lang='lat' dir='ltr'>Gysinheim,</span> <span class='ocrx_word' id='word_1_42' title='bbox 1109 849 1295 918; x_wconf 84' lang='lat' dir='ltr'>Markolius</span> <span class='ocrx_word' id='word_1_43' title='bbox 1319 855 1358 916; x_wconf 91' lang='lat' dir='ltr'>de</span> <span class='ocrx_word' id='word_1_44' title='bbox 1379 852 1553 936; x_wconf 81' lang='lat' dir='ltr'>Lintlreim,</span> <span class='ocrx_word' id='word_1_45' title='bbox 1586 854 1756 921; x_wconf 86' lang='lat' dir='ltr'>Johannes</span> <span class='ocrx_word' id='word_1_46' title='bbox 1778 856 1954 936; x_wconf 88' lang='lat' dir='ltr'>Goltstein,</span> <span class='ocrx_word' id='word_1_47' title='bbox 1978 858 2058 922; x_wconf 79' lang='lat' dir='ltr'>Colo-</span> 
     </span>
     <span class='ocr_line' id='line_1_6' title="bbox 421 958 2057 1043; baseline 0.003 -19"><span class='ocrx_word' id='word_1_48' title='bbox 421 979 559 1024; x_wconf 90' lang='lat' dir='ltr'>mannus</span> <span class='ocrx_word' id='word_1_49' title='bbox 583 962 622 1024; x_wconf 95' lang='lat' dir='ltr'>de</span> <span class='ocrx_word' id='word_1_50' title='bbox 638 959 822 1039; x_wconf 82' lang='lat' dir='ltr'>Avinbacb,</span> <span class='ocrx_word' id='word_1_51' title='bbox 844 958 979 1040; x_wconf 82' lang='lat' dir='ltr'>scabini,</span> <span class='ocrx_word' id='word_1_52' title='bbox 997 965 1030 1023; x_wconf 88' lang='lat' dir='ltr'>et</span> <span class='ocrx_word' id='word_1_53' title='bbox 1047 959 1256 1040; x_wconf 85' lang='lat' dir='ltr'>quamplures</span> <span class='ocrx_word' id='word_1_54' title='bbox 1273 958 1330 1024; x_wconf 88' lang='lat' dir='ltr'>alii</span> <span class='ocrx_word' id='word_1_55' title='bbox 1345 959 1507 1042; x_wconf 88' lang='lat' dir='ltr'>fidedigni.</span> <span class='ocrx_word' id='word_1_56' title='bbox 1549 961 1587 1024; x_wconf 95' lang='lat' dir='ltr'>ln</span> <span class='ocrx_word' id='word_1_57' title='bbox 1605 961 1827 1027; x_wconf 89' lang='lat' dir='ltr'>testimonium</span> <span class='ocrx_word' id='word_1_58' title='bbox 1844 963 2057 1043; x_wconf 83' lang='lat' dir='ltr'>premissorum</span> 
     </span>
     <span class='ocr_line' id='line_1_7' title="bbox 422 1063 2055 1151; baseline 0.003 -21"><span class='ocrx_word' id='word_1_59' title='bbox 422 1065 573 1149; x_wconf 79' lang='lat' dir='ltr'>sygillum</span> <span class='ocrx_word' id='word_1_60' title='bbox 602 1064 830 1131; x_wconf 85' lang='lat' dir='ltr'>universitatis</span> <span class='ocrx_word' id='word_1_61' title='bbox 861 1063 1177 1132; x_wconf 81' lang='lat' dir='ltr'>Frankinlordensis</span> <span class='ocrx_word' id='word_1_62' title='bbox 1208 1069 1248 1131; x_wconf 91' lang='lat' dir='ltr'>ad</span> <span class='ocrx_word' id='word_1_63' title='bbox 1274 1073 1425 1148; x_wconf 83' lang='lat' dir='ltr'>rogatum</span> <span class='ocrx_word' id='word_1_64' title='bbox 1449 1067 1595 1148; x_wconf 88' lang='lat' dir='ltr'>parcium</span> <span class='ocrx_word' id='word_1_65' title='bbox 1620 1068 1843 1150; x_wconf 86' lang='lat' dir='ltr'>predictarum</span> <span class='ocrx_word' id='word_1_66' title='bbox 1868 1071 2055 1151; x_wconf 84' lang='lat' dir='ltr'>presentibus</span> 
     </span>
     <span class='ocr_line' id='line_1_8' title="bbox 423 1154 1978 1254; baseline 0.003 -18"><span class='ocrx_word' id='word_1_67' title='bbox 423 1171 571 1237; x_wconf 84' lang='lat' dir='ltr'>duximus</span> <span class='ocrx_word' id='word_1_68' title='bbox 596 1175 854 1253; x_wconf 89' lang='lat' dir='ltr'>appendendum.</span> <span class='ocrx_word' id='word_1_69' title='bbox 902 1176 1022 1238; x_wconf 89' lang='lat' dir='ltr'>Actum</span> <span class='ocrx_word' id='word_1_70' title='bbox 1047 1193 1133 1240; x_wconf 90' lang='lat' dir='ltr'>anno</span> <span class='ocrx_word' id='word_1_71' title='bbox 1158 1172 1278 1238; x_wconf 91' lang='lat' dir='ltr'>domini</span> <span class='ocrx_word' id='word_1_72' title='bbox 1301 1173 1341 1238; x_wconf 85' lang='lat' dir='ltr'>rb.</span> <span class='ocrx_word' id='word_1_73' title='bbox 1364 1160 1511 1254; x_wconf 63' lang='lat' dir='ltr'>cccvi,</span> <span class='ocrx_word' id='word_1_74' title='bbox 1540 1154 1612 1239; x_wconf 67' lang='lat' dir='ltr'>Xi&#39;.</span> <span class='ocrx_word' id='word_1_75' title='bbox 1630 1175 1791 1241; x_wconf 83' lang='lat' dir='ltr'>kalendas</span> <span class='ocrx_word' id='word_1_76' title='bbox 1815 1173 1978 1241; x_wconf 82' lang='lat' dir='ltr'>februarii.</span> 
     </span>
    </p>

    <p class='ocr_par' dir='ltr' id='par_1_3' title="bbox 637 1305 2053 1376">
     <span class='ocr_line' id='line_1_9' title="bbox 637 1305 2053 1376; baseline 0.003 -16"><span class='ocrx_word' id='word_1_77' title='bbox 637 1305 683 1360; x_wconf 84' lang='lat' dir='ltr'>Or.</span> <span class='ocrx_word' id='word_1_78' title='bbox 704 1305 791 1374; x_wconf 77' lang='lat' dir='ltr'>Ppmt.</span> <span class='ocrx_word' id='word_1_79' title='bbox 829 1305 892 1359; x_wconf 87' lang='lat' dir='ltr'>Das</span> <span class='ocrx_word' id='word_1_80' title='bbox 922 1305 1099 1375; x_wconf 70' lang='lat' dir='ltr'>obtanqende</span> <span class='ocrx_word' id='word_1_81' title='bbox 1129 1305 1291 1376; x_wconf 78' lang='lat' dir='ltr'>Sludlsiepel</span> <span class='ocrx_word' id='word_1_82' title='bbox 1305 1309 1346 1370; x_wconf 78' lang='lat'>(2)</span> <span class='ocrx_word' id='word_1_83' title='bbox 1379 1306 1414 1360; x_wconf 83' lang='lat' dir='ltr'>iel</span> <span class='ocrx_word' id='word_1_84' title='bbox 1446 1307 1608 1375; x_wconf 77' lang='lat' dir='ltr'>bescbddipl.</span> <span class='ocrx_word' id='word_1_85' title='bbox 1655 1307 1694 1360; x_wconf 85' lang='lat' dir='ltr'>St.</span> <span class='ocrx_word' id='word_1_86' title='bbox 1712 1308 1747 1360; x_wconf 74' lang='lat' dir='ltr'>A.</span> <span class='ocrx_word' id='word_1_87' title='bbox 1767 1307 1818 1360; x_wconf 82' lang='lat' dir='ltr'>Fr.</span> <span class='ocrx_word' id='word_1_88' title='bbox 1842 1308 2053 1376; x_wconf 75' lang='lat' dir='ltr'>In&#39;ebsruucuslisl</span> 
     </span>
    </p>
   </div>
   <div class='ocr_carea' id='block_1_3' title="bbox 636 1395 2051 1552">
    <p class='ocr_par' dir='ltr' id='par_1_4' title="bbox 636 1395 2051 1552">
     <span class='ocr_line' id='line_1_10' title="bbox 689 1395 836 1447; baseline -0.007 0"><span class='ocrx_word' id='word_1_89' title='bbox 689 1395 742 1447; x_wconf 84' lang='lat' dir='ltr'>No.</span> <span class='ocrx_word' id='word_1_90' title='bbox 758 1398 810 1447; x_wconf 79' lang='lat'>125</span> <span class='ocrx_word' id='word_1_91' title='bbox 830 1435 836 1446; x_wconf 89' lang='lat'><strong>.</strong></span> 
     </span>
     <span class='ocr_line' id='line_1_11' title="bbox 636 1398 2051 1552; baseline 0.004 -15"><span class='ocrx_word' id='word_1_92' title='bbox 636 1483 735 1537; x_wconf 62' lang='lat' dir='ltr'>Getis:</span> <span class='ocrx_word' id='word_1_93' title='bbox 753 1398 848 1535; x_wconf 54' lang='lat' dir='ltr'>Koresa</span> <span class='ocrx_word' id='word_1_94' title='bbox 866 1483 1052 1550; x_wconf 78' lang='lat' dir='ltr'>Beleucbtuap</span> <span class='ocrx_word' id='word_1_95' title='bbox 1070 1483 1101 1536; x_wconf 81' lang='lat' dir='ltr'>a&#39;n</span> <span class='ocrx_word' id='word_1_96' title='bbox 1120 1483 1223 1537; x_wconf 74' lang='lat' dir='ltr'>Suelteri</span> <span class='ocrx_word' id='word_1_97' title='bbox 1243 1483 1455 1550; x_wconf 78' lang='lat' dir='ltr'>Frualteuslet&#39;n,</span> <span class='ocrx_word' id='word_1_98' title='bbox 1473 1483 1708 1552; x_wconf 79' lang='lat' dir='ltr'>BeilupeNo.15,</span> <span class='ocrx_word' id='word_1_99' title='bbox 1728 1484 1771 1552; x_wconf 85' lang='lat' dir='ltr'>B,</span> <span class='ocrx_word' id='word_1_100' title='bbox 1785 1489 1839 1539; x_wconf 87' lang='lat'>370</span> <span class='ocrx_word' id='word_1_101' title='bbox 1851 1487 1920 1540; x_wconf 83' lang='lat' dir='ltr'>narb</span> <span class='ocrx_word' id='word_1_102' title='bbox 1931 1487 1983 1540; x_wconf 84' lang='lat' dir='ltr'>detu</span> <span class='ocrx_word' id='word_1_103' title='bbox 1996 1487 2051 1542; x_wconf 87' lang='lat' dir='ltr'>Or..</span> 
     </span>
    </p>
   </div>
   <div class='ocr_carea' id='block_1_4' title="bbox 421 1717 2052 1912">
    <p class='ocr_par' dir='ltr' id='par_1_5' title="bbox 421 1717 2052 1912">
     <span class='ocr_line' id='line_1_12' title="bbox 421 1717 2052 1808; baseline -0.001 -16"><span class='ocrx_word' id='word_1_104' title='bbox 421 1717 513 1792; x_wconf 84' lang='grc'><em>871.</em></span> <span class='ocrx_word' id='word_1_105' title='bbox 537 1724 599 1788; x_wconf 82' lang='lat' dir='ltr'>Dic</span> <span class='ocrx_word' id='word_1_106' title='bbox 626 1725 734 1788; x_wconf 76' lang='lat' dir='ltr'>Slr&#39;irlte</span> <span class='ocrx_word' id='word_1_107' title='bbox 764 1724 955 1805; x_wconf 73' lang='lat' dir='ltr'>Frrtrtlsfurl,</span> <span class='ocrx_word' id='word_1_108' title='bbox 985 1723 1170 1808; x_wconf 78' lang='lat' dir='ltr'>Fricdbrrp,</span> <span class='ocrx_word' id='word_1_109' title='bbox 1200 1724 1336 1788; x_wconf 64' lang='lat' dir='ltr'>liblalur</span> <span class='ocrx_word' id='word_1_110' title='bbox 1367 1725 1431 1788; x_wconf 76' lang='grc'><em>0101</em></span> <span class='ocrx_word' id='word_1_111' title='bbox 1458 1725 1668 1808; x_wconf 78' lang='lat' dir='ltr'>Scliqettsludt</span> <span class='ocrx_word' id='word_1_112' title='bbox 1698 1727 1868 1792; x_wconf 79' lang='lat' dir='ltr'>schliessert</span> <span class='ocrx_word' id='word_1_113' title='bbox 1900 1749 1953 1792; x_wconf 83' lang='lat' dir='ltr'>rou</span> <span class='ocrx_word' id='word_1_114' title='bbox 1980 1734 2052 1792; x_wconf 80' lang='grc'><em>1300</em></span> 
     </span>
     <span class='ocr_line' id='line_1_13' title="bbox 536 1830 1732 1912; baseline 0.003 -18"><span class='ocrx_word' id='word_1_115' title='bbox 536 1831 685 1896; x_wconf 81' lang='lat' dir='ltr'>Februor</span> <span class='ocrx_word' id='word_1_116' title='bbox 706 1837 751 1894; x_wconf 75' lang='grc'>20</span> <span class='ocrx_word' id='word_1_117' title='bbox 773 1853 817 1895; x_wconf 76' lang='lat' dir='ltr'>(tre</span> <span class='ocrx_word' id='word_1_118' title='bbox 839 1835 890 1894; x_wconf 83' lang='lat' dir='ltr'>riu</span> <span class='ocrx_word' id='word_1_119' title='bbox 912 1831 1081 1894; x_wconf 68' lang='lat' dir='ltr'>Briouates</span> <span class='ocrx_word' id='word_1_120' title='bbox 1105 1831 1169 1912; x_wconf 75' lang='lat' dir='ltr'>crof</span> <span class='ocrx_word' id='word_1_121' title='bbox 1189 1837 1232 1894; x_wconf 88' lang='lat'>10</span> <span class='ocrx_word' id='word_1_122' title='bbox 1256 1830 1366 1895; x_wconf 75' lang='lat' dir='ltr'>Julur.</span> <span class='ocrx_word' id='word_1_123' title='bbox 1415 1837 1502 1895; x_wconf 82' lang='grc'><em>1300</em></span> <span class='ocrx_word' id='word_1_124' title='bbox 1525 1831 1657 1896; x_wconf 80' lang='lat' dir='ltr'>Juuuur</span> <span class='ocrx_word' id='word_1_125' title='bbox 1679 1839 1732 1898; x_wconf 81' lang='lat'>20.</span> 
     </span>
    </p>
   </div>
   <div class='ocr_carea' id='block_1_5' title="bbox 528 1968 2052 2056">
    <p class='ocr_par' dir='ltr' id='par_1_6' title="bbox 528 1968 2052 2056">
     <span class='ocr_line' id='line_1_14' title="bbox 528 1968 2052 2056; baseline 0.002 -17"><span class='ocrx_word' id='word_1_126' title='bbox 528 1975 595 2040; x_wconf 88' lang='lat' dir='ltr'>Nos</span> <span class='ocrx_word' id='word_1_127' title='bbox 605 2026 611 2038; x_wconf 96' lang='lat'><strong>.</strong></span> <span class='ocrx_word' id='word_1_128' title='bbox 623 2025 628 2038; x_wconf 95' lang='lat'>.</span> <span class='ocrx_word' id='word_1_129' title='bbox 639 1972 779 2053; x_wconf 87' lang='lat' dir='ltr'>officiati,</span> <span class='ocrx_word' id='word_1_130' title='bbox 792 2025 797 2037; x_wconf 93' lang='lat'>.</span> <span class='ocrx_word' id='word_1_131' title='bbox 810 2025 815 2036; x_wconf 92' lang='lat'>.</span> <span class='ocrx_word' id='word_1_132' title='bbox 826 1971 961 2052; x_wconf 84' lang='lat' dir='ltr'>scabini,</span> <span class='ocrx_word' id='word_1_133' title='bbox 974 2025 979 2036; x_wconf 94' lang='lat'>.</span> <span class='ocrx_word' id='word_1_134' title='bbox 991 1972 1158 2038; x_wconf 66' lang='grc' dir='ltr'><em>000001οε</em></span> <span class='ocrx_word' id='word_1_135' title='bbox 1170 1968 2052 2056; x_wconf 84' lang='lat' dir='ltr'>deFrankeniord,deFrideberg,deWetflariaetSele-</span> 
     </span>
    </p>
   </div>
   <div class='ocr_carea' id='block_1_6' title="bbox 421 2079 2050 2164">
    <p class='ocr_par' dir='ltr' id='par_1_7' title="bbox 421 2079 2050 2164">
     <span class='ocr_line' id='line_1_15' title="bbox 421 2079 2050 2164; baseline 0.002 -18"><span class='ocrx_word' id='word_1_136' title='bbox 421 2083 562 2164; x_wconf 89' lang='lat' dir='ltr'>genstad</span> <span class='ocrx_word' id='word_1_137' title='bbox 574 2080 739 2161; x_wconf 89' lang='lat' dir='ltr'>ceterique</span> <span class='ocrx_word' id='word_1_138' title='bbox 751 2082 928 2145; x_wconf 89' lang='lat' dir='ltr'>earundem</span> <span class='ocrx_word' id='word_1_139' title='bbox 941 2079 1113 2146; x_wconf 89' lang='lat' dir='ltr'>civitatum</span> <span class='ocrx_word' id='word_1_140' title='bbox 1126 2079 1224 2160; x_wconf 83' lang='lat' dir='ltr'>circe,</span> <span class='ocrx_word' id='word_1_141' title='bbox 1239 2082 1280 2144; x_wconf 91' lang='lat' dir='ltr'>ad</span> <span class='ocrx_word' id='word_1_142' title='bbox 1294 2079 1422 2151; x_wconf 76' lang='lat' dir='ltr'>univer!</span> <span class='ocrx_word' id='word_1_143' title='bbox 1429 2079 1438 2150; x_wconf 89' lang='lat' dir='ltr'>l</span> <span class='ocrx_word' id='word_1_144' title='bbox 1441 2099 1550 2145; x_wconf 91' lang='lat' dir='ltr'>sorum</span> <span class='ocrx_word' id='word_1_145' title='bbox 1563 2079 1716 2146; x_wconf 83' lang='lat' dir='ltr'>noticiam</span> <span class='ocrx_word' id='word_1_146' title='bbox 1730 2082 1877 2162; x_wconf 92' lang='lat' dir='ltr'>cupimus</span> <span class='ocrx_word' id='word_1_147' title='bbox 1891 2083 2050 2163; x_wconf 82' lang='lat' dir='ltr'>peruenire.</span> 
     </span>
    </p>
   </div>
   <div class='ocr_carea' id='block_1_7' title="bbox 419 2193 2050 2362">
    <p class='ocr_par' dir='ltr' id='par_1_8' title="bbox 419 2193 2050 2362">
     <span class='ocr_line' id='line_1_16' title="bbox 419 2193 2050 2263; baseline 0.001 -15"><span class='ocrx_word' id='word_1_148' title='bbox 419 2195 491 2263; x_wconf 90' lang='lat' dir='ltr'>qnod</span> <span class='ocrx_word' id='word_1_149' title='bbox 521 2211 571 2248; x_wconf 91' lang='lat' dir='ltr'>nos</span> <span class='ocrx_word' id='word_1_150' title='bbox 602 2194 803 2248; x_wconf 82' lang='lat' dir='ltr'>ordinacionem</span> <span class='ocrx_word' id='word_1_151' title='bbox 834 2194 892 2248; x_wconf 87' lang='lat' dir='ltr'>sive</span> <span class='ocrx_word' id='word_1_152' title='bbox 919 2193 1124 2261; x_wconf 87' lang='lat' dir='ltr'>promissionem</span> <span class='ocrx_word' id='word_1_153' title='bbox 1153 2193 1370 2262; x_wconf 86' lang='lat' dir='ltr'>inlrascriptam‚</span> <span class='ocrx_word' id='word_1_154' title='bbox 1399 2193 1427 2247; x_wconf 93' lang='lat' dir='ltr'>in</span> <span class='ocrx_word' id='word_1_155' title='bbox 1460 2210 1514 2261; x_wconf 86' lang='lat' dir='ltr'>qua</span> <span class='ocrx_word' id='word_1_156' title='bbox 1545 2194 1749 2249; x_wconf 87' lang='lat' dir='ltr'>serenissimum</span> <span class='ocrx_word' id='word_1_157' title='bbox 1780 2195 1919 2250; x_wconf 89' lang='lat' dir='ltr'>dominum</span> <span class='ocrx_word' id='word_1_158' title='bbox 1947 2203 2050 2250; x_wconf 89' lang='lat' dir='ltr'>nostrum</span> 
     </span>
     <span class='ocr_line' id='line_1_17' title="bbox 419 2290 2050 2362; baseline 0.001 -16"><span class='ocrx_word' id='word_1_159' title='bbox 419 2293 604 2347; x_wconf 87' lang='lat' dir='ltr'>Romanorum</span> <span class='ocrx_word' id='word_1_160' title='bbox 622 2307 713 2362; x_wconf 84' lang='lat' dir='ltr'>regem</span> <span class='ocrx_word' id='word_1_161' title='bbox 733 2308 787 2345; x_wconf 91' lang='lat' dir='ltr'>non</span> <span class='ocrx_word' id='word_1_162' title='bbox 805 2291 992 2356; x_wconf 83' lang='lat' dir='ltr'>includimus</span> <span class='ocrx_word' id='word_1_163' title='bbox 1012 2291 1069 2346; x_wconf 92' lang='lat' dir='ltr'>ullo</span> <span class='ocrx_word' id='word_1_164' title='bbox 1089 2291 1175 2358; x_wconf 90' lang='lat' dir='ltr'>modo,</span> <span class='ocrx_word' id='word_1_165' title='bbox 1196 2290 1320 2346; x_wconf 90' lang='lat' dir='ltr'>volumus</span> <span class='ocrx_word' id='word_1_166' title='bbox 1339 2298 1368 2345; x_wconf 87' lang='lat' dir='ltr'>et</span> <span class='ocrx_word' id='word_1_167' title='bbox 1385 2292 1571 2360; x_wconf 87' lang='lat' dir='ltr'>promittimus</span> <span class='ocrx_word' id='word_1_168' title='bbox 1590 2291 1768 2347; x_wconf 85' lang='lat' dir='ltr'>fideidecione</span> <span class='ocrx_word' id='word_1_169' title='bbox 1782 2300 1810 2349; x_wconf 87' lang='lat' dir='ltr'>et</span> <span class='ocrx_word' id='word_1_170' title='bbox 1822 2295 1971 2349; x_wconf 88' lang='lat' dir='ltr'>iuramento</span> <span class='ocrx_word' id='word_1_171' title='bbox 1981 2296 2050 2348; x_wconf 87' lang='lat' dir='ltr'>iuter-</span> 
     </span>
    </p>
   </div>
   <div class='ocr_carea' id='block_1_8' title="bbox 421 2390 2050 2577">
    <p class='ocr_par' dir='ltr' id='par_1_9' title="bbox 421 2390 2050 2577">
     <span class='ocr_line' id='line_1_18' title="bbox 421 2390 2050 2475; baseline 0.003 -22"><span class='ocrx_word' id='word_1_172' title='bbox 421 2400 511 2468; x_wconf 80' lang='lat' dir='ltr'>posito</span> <span class='ocrx_word' id='word_1_173' title='bbox 533 2400 561 2452; x_wconf 87' lang='lat' dir='ltr'>in</span> <span class='ocrx_word' id='word_1_174' title='bbox 584 2398 700 2453; x_wconf 76' lang='lat' dir='ltr'>invicem</span> <span class='ocrx_word' id='word_1_175' title='bbox 719 2411 740 2457; x_wconf 94' lang='lat' dir='ltr'>a</span> <span class='ocrx_word' id='word_1_176' title='bbox 756 2390 916 2456; x_wconf 90' lang='lat' dir='ltr'>dominica</span> <span class='ocrx_word' id='word_1_177' title='bbox 933 2390 1193 2475; x_wconf 89' lang='lat' dir='ltr'>quadragesime,</span> <span class='ocrx_word' id='word_1_178' title='bbox 1208 2410 1273 2472; x_wconf 90' lang='lat' dir='ltr'>qua</span> <span class='ocrx_word' id='word_1_179' title='bbox 1290 2397 1445 2457; x_wconf 88' lang='lat' dir='ltr'>cantatur</span> <span class='ocrx_word' id='word_1_180' title='bbox 1461 2391 1644 2474; x_wconf 89' lang='lat' dir='ltr'>Invocavit,</span> <span class='ocrx_word' id='word_1_181' title='bbox 1663 2412 1748 2458; x_wconf 92' lang='lat' dir='ltr'>nunc</span> <span class='ocrx_word' id='word_1_182' title='bbox 1763 2392 1910 2460; x_wconf 87' lang='lat' dir='ltr'>instante</span> <span class='ocrx_word' id='word_1_183' title='bbox 1924 2394 2050 2475; x_wconf 84' lang='lat' dir='ltr'>proxima</span> 
     </span>
     <span class='ocr_line' id='line_1_19' title="bbox 422 2497 2050 2577; baseline 0.002 -19"><span class='ocrx_word' id='word_1_184' title='bbox 422 2505 457 2558; x_wconf 90' lang='lat' dir='ltr'>ad</span> <span class='ocrx_word' id='word_1_185' title='bbox 480 2505 601 2573; x_wconf 88' lang='lat' dir='ltr'>spacium</span> <span class='ocrx_word' id='word_1_186' title='bbox 620 2505 711 2559; x_wconf 86' lang='lat' dir='ltr'>decem</span> <span class='ocrx_word' id='word_1_187' title='bbox 730 2519 863 2559; x_wconf 90' lang='lat' dir='ltr'>annorum</span> <span class='ocrx_word' id='word_1_188' title='bbox 882 2505 964 2559; x_wconf 89' lang='lat' dir='ltr'>etad</span> <span class='ocrx_word' id='word_1_189' title='bbox 984 2505 1120 2560; x_wconf 87' lang='lat' dir='ltr'>curricula</span> <span class='ocrx_word' id='word_1_190' title='bbox 1139 2505 1285 2559; x_wconf 90' lang='lat' dir='ltr'>eorundem</span> <span class='ocrx_word' id='word_1_191' title='bbox 1303 2505 1442 2560; x_wconf 87' lang='lat' dir='ltr'>stabiliter</span> <span class='ocrx_word' id='word_1_192' title='bbox 1461 2513 1489 2559; x_wconf 92' lang='lat' dir='ltr'>et</span> <span class='ocrx_word' id='word_1_193' title='bbox 1512 2497 1747 2566; x_wconf 80' lang='lat' dir='ltr'>inviolabiliter</span> <span class='ocrx_word' id='word_1_194' title='bbox 1760 2505 1776 2538; x_wconf 76' lang='lat'>⁸</span> <span class='ocrx_word' id='word_1_195' title='bbox 1801 2507 1988 2577; x_wconf 69' lang='lat' dir='ltr'>observaretslft</span> <span class='ocrx_word' id='word_1_196' title='bbox 2005 2508 2050 2574; x_wconf 82' lang='lat' dir='ltr'>Qus</span> 
     </span>
    </p>
   </div>
   <div class='ocr_carea' id='block_1_9' title="bbox 419 2611 2053 3465">
    <p class='ocr_par' dir='ltr' id='par_1_10' title="bbox 419 2611 2053 3465">
     <span class='ocr_line' id='line_1_20' title="bbox 421 2611 2051 2682; baseline 0 -16"><span class='ocrx_word' id='word_1_197' title='bbox 421 2611 488 2667; x_wconf 89' lang='lat' dir='ltr'>talis</span> <span class='ocrx_word' id='word_1_198' title='bbox 506 2621 557 2680; x_wconf 85' lang='lat' dir='ltr'>est,</span> <span class='ocrx_word' id='word_1_199' title='bbox 576 2613 647 2680; x_wconf 89' lang='lat' dir='ltr'>quod</span> <span class='ocrx_word' id='word_1_200' title='bbox 665 2620 776 2681; x_wconf 88' lang='lat' dir='ltr'>propter</span> <span class='ocrx_word' id='word_1_201' title='bbox 794 2611 898 2666; x_wconf 92' lang='lat' dir='ltr'>nullius</span> <span class='ocrx_word' id='word_1_202' title='bbox 917 2628 998 2666; x_wconf 86' lang='lat' dir='ltr'>cause</span> <span class='ocrx_word' id='word_1_203' title='bbox 1016 2616 1146 2666; x_wconf 88' lang='lat' dir='ltr'>eventum</span> <span class='ocrx_word' id='word_1_204' title='bbox 1165 2611 1224 2668; x_wconf 89' lang='lat' dir='ltr'>sive</span> <span class='ocrx_word' id='word_1_205' title='bbox 1242 2611 1282 2666; x_wconf 88' lang='lat' dir='ltr'>rei</span> <span class='ocrx_word' id='word_1_206' title='bbox 1302 2611 1489 2682; x_wconf 84' lang='lat' dir='ltr'>ingruentiam</span> <span class='ocrx_word' id='word_1_207' title='bbox 1507 2612 1635 2667; x_wconf 89' lang='lat' dir='ltr'>debemus</span> <span class='ocrx_word' id='word_1_208' title='bbox 1654 2612 1689 2666; x_wconf 89' lang='lat' dir='ltr'>ab</span> <span class='ocrx_word' id='word_1_209' title='bbox 1707 2613 1822 2668; x_wconf 87' lang='lat' dir='ltr'>invicem</span> <span class='ocrx_word' id='word_1_210' title='bbox 1841 2614 1915 2668; x_wconf 85' lang='lat' dir='ltr'>inira</span> <span class='ocrx_word' id='word_1_211' title='bbox 1925 2616 2051 2668; x_wconf 88' lang='lat' dir='ltr'>terminum</span> 
     </span>
     <span class='ocr_line' id='line_1_21' title="bbox 421 2709 2050 2779; baseline -0.001 -14"><span class='ocrx_word' id='word_1_212' title='bbox 421 2715 597 2779; x_wconf 86' lang='lat' dir='ltr'>prenotatnm</span> <span class='ocrx_word' id='word_1_213' title='bbox 623 2710 796 2779; x_wconf 87' lang='lat' dir='ltr'>aliquatenus</span> <span class='ocrx_word' id='word_1_214' title='bbox 821 2710 997 2779; x_wconf 70' lang='lat' dir='ltr'>separaritet</span> <span class='ocrx_word' id='word_1_215' title='bbox 1028 2711 1166 2778; x_wconf 87' lang='lat' dir='ltr'>Preterea,</span> <span class='ocrx_word' id='word_1_216' title='bbox 1193 2712 1216 2765; x_wconf 84' lang='lat' dir='ltr'>ei</span> <span class='ocrx_word' id='word_1_217' title='bbox 1242 2711 1334 2778; x_wconf 89' lang='lat' dir='ltr'>aliqua</span> <span class='ocrx_word' id='word_1_218' title='bbox 1359 2711 1494 2764; x_wconf 88' lang='lat' dir='ltr'>dictarum</span> <span class='ocrx_word' id='word_1_219' title='bbox 1521 2714 1678 2764; x_wconf 86' lang='lat' dir='ltr'>nostrarum</span> <span class='ocrx_word' id='word_1_220' title='bbox 1703 2709 1851 2765; x_wconf 86' lang='lat' dir='ltr'>civitatum</span> <span class='ocrx_word' id='word_1_221' title='bbox 1876 2711 1909 2765; x_wconf 87' lang='lat' dir='ltr'>ab</span> <span class='ocrx_word' id='word_1_222' title='bbox 1934 2711 2050 2778; x_wconf 83' lang='lat' dir='ltr'>aliquibus</span> 
     </span>
     <span class='ocr_line' id='line_1_22' title="bbox 420 2806 2050 2878; baseline -0.002 -14"><span class='ocrx_word' id='word_1_223' title='bbox 420 2808 592 2864; x_wconf 88' lang='lat' dir='ltr'>inimicorum</span> <span class='ocrx_word' id='word_1_224' title='bbox 616 2824 665 2864; x_wconf 89' lang='lat' dir='ltr'>seu</span> <span class='ocrx_word' id='word_1_225' title='bbox 690 2809 840 2864; x_wconf 86' lang='lat' dir='ltr'>emulorum</span> <span class='ocrx_word' id='word_1_226' title='bbox 864 2807 1071 2878; x_wconf 82' lang='lat' dir='ltr'>gravaminibus</span> <span class='ocrx_word' id='word_1_227' title='bbox 1096 2809 1155 2863; x_wconf 87' lang='lat' dir='ltr'>sive</span> <span class='ocrx_word' id='word_1_228' title='bbox 1180 2807 1314 2863; x_wconf 87' lang='lat' dir='ltr'>molestiis</span> <span class='ocrx_word' id='word_1_229' title='bbox 1339 2816 1516 2878; x_wconf 83' lang='lat' dir='ltr'>gravaretur,</span> <span class='ocrx_word' id='word_1_230' title='bbox 1543 2817 1689 2876; x_wconf 85' lang='lat' dir='ltr'>postquam</span> <span class='ocrx_word' id='word_1_231' title='bbox 1714 2806 1792 2864; x_wconf 86' lang='lat' dir='ltr'>nobis</span> <span class='ocrx_word' id='word_1_232' title='bbox 1817 2809 1890 2864; x_wconf 73' lang='lat' dir='ltr'>boob</span> <span class='ocrx_word' id='word_1_233' title='bbox 1912 2810 2050 2864; x_wconf 86' lang='lat' dir='ltr'>intimatum</span> 
     </span>
     <span class='ocr_line' id='line_1_23' title="bbox 420 2905 2050 2976; baseline -0.002 -15"><span class='ocrx_word' id='word_1_234' title='bbox 420 2908 512 2976; x_wconf 89' lang='lat' dir='ltr'>luerit,</span> <span class='ocrx_word' id='word_1_235' title='bbox 533 2923 589 2974; x_wconf 89' lang='lat' dir='ltr'>noe,</span> <span class='ocrx_word' id='word_1_236' title='bbox 608 2907 669 2974; x_wconf 88' lang='lat' dir='ltr'>ipsa</span> <span class='ocrx_word' id='word_1_237' title='bbox 693 2907 856 2976; x_wconf 70' lang='lat' dir='ltr'>gravamus</span> <span class='ocrx_word' id='word_1_238' title='bbox 881 2914 1019 2975; x_wconf 86' lang='lat' dir='ltr'>tamquam</span> <span class='ocrx_word' id='word_1_239' title='bbox 1044 2907 1151 2974; x_wconf 85' lang='lat' dir='ltr'>propria</span> <span class='ocrx_word' id='word_1_240' title='bbox 1179 2911 1349 2976; x_wconf 86' lang='lat' dir='ltr'>reputantes,</span> <span class='ocrx_word' id='word_1_241' title='bbox 1368 2907 1441 2974; x_wconf 92' lang='lat' dir='ltr'>ipsos</span> <span class='ocrx_word' id='word_1_242' title='bbox 1468 2905 1658 2960; x_wconf 80' lang='lat' dir='ltr'>malefactores</span> <span class='ocrx_word' id='word_1_243' title='bbox 1683 2906 1781 2961; x_wconf 86' lang='lat' dir='ltr'>statim</span> <span class='ocrx_word' id='word_1_244' title='bbox 1806 2907 1979 2962; x_wconf 87' lang='lat' dir='ltr'>diffidabimus</span> <span class='ocrx_word' id='word_1_245' title='bbox 2000 2923 2050 2960; x_wconf 87' lang='lat' dir='ltr'>cun</span> 
     </span>
     <span class='ocr_line' id='line_1_24' title="bbox 420 3004 2052 3074; baseline -0.002 -14"><span class='ocrx_word' id='word_1_246' title='bbox 420 3006 534 3061; x_wconf 90' lang='lat' dir='ltr'>civitate</span> <span class='ocrx_word' id='word_1_247' title='bbox 557 3004 687 3060; x_wconf 88' lang='lat' dir='ltr'>iniuriam</span> <span class='ocrx_word' id='word_1_248' title='bbox 712 3007 876 3060; x_wconf 87' lang='lat' dir='ltr'>sustinente.</span> <span class='ocrx_word' id='word_1_249' title='bbox 912 3005 990 3072; x_wconf 87' lang='lat' dir='ltr'>Ipsos</span> <span class='ocrx_word' id='word_1_250' title='bbox 1015 3004 1102 3059; x_wconf 86' lang='lat' dir='ltr'>eciam</span> <span class='ocrx_word' id='word_1_251' title='bbox 1121 3021 1180 3059; x_wconf 88' lang='lat' dir='ltr'>eum</span> <span class='ocrx_word' id='word_1_252' title='bbox 1200 3005 1263 3074; x_wconf 88' lang='lat' dir='ltr'>illie,</span> <span class='ocrx_word' id='word_1_253' title='bbox 1290 3005 1334 3072; x_wconf 94' lang='lat' dir='ltr'>qui</span> <span class='ocrx_word' id='word_1_254' title='bbox 1357 3006 1430 3072; x_wconf 87' lang='lat' dir='ltr'>ipsos</span> <span class='ocrx_word' id='word_1_255' title='bbox 1450 3004 1549 3059; x_wconf 89' lang='lat' dir='ltr'>castris</span> <span class='ocrx_word' id='word_1_256' title='bbox 1568 3005 1626 3059; x_wconf 90' lang='lat' dir='ltr'>suis</span> <span class='ocrx_word' id='word_1_257' title='bbox 1645 3004 1703 3058; x_wconf 84' lang='lat' dir='ltr'>sive</span> <span class='ocrx_word' id='word_1_258' title='bbox 1722 3005 1866 3059; x_wconf 87' lang='lat' dir='ltr'>domiciliis</span> <span class='ocrx_word' id='word_1_259' title='bbox 1884 3007 1940 3060; x_wconf 87' lang='lat' dir='ltr'>suis</span> <span class='ocrx_word' id='word_1_260' title='bbox 1956 3012 2052 3059; x_wconf 83' lang='lat' dir='ltr'>serrant</span> 
     </span>
     <span class='ocr_line' id='line_1_25' title="bbox 421 3101 2051 3171; baseline -0.002 -13"><span class='ocrx_word' id='word_1_261' title='bbox 421 3106 463 3158; x_wconf 89' lang='lat' dir='ltr'>vel</span> <span class='ocrx_word' id='word_1_262' title='bbox 488 3104 581 3158; x_wconf 86' lang='lat' dir='ltr'>lovent</span> <span class='ocrx_word' id='word_1_263' title='bbox 603 3103 814 3170; x_wconf 83' lang='lat' dir='ltr'>quibuscunque,</span> <span class='ocrx_word' id='word_1_264' title='bbox 834 3101 1046 3171; x_wconf 69' lang='grc' dir='ltr'>0000010010)α</span> <span class='ocrx_word' id='word_1_265' title='bbox 1069 3110 1163 3157; x_wconf 88' lang='lat' dir='ltr'>nostre</span> <span class='ocrx_word' id='word_1_266' title='bbox 1188 3103 1311 3157; x_wconf 82' lang='lat' dir='ltr'>civitatis</span> <span class='ocrx_word' id='word_1_267' title='bbox 1336 3103 1401 3168; x_wconf 88' lang='lat' dir='ltr'>cive,</span> <span class='ocrx_word' id='word_1_268' title='bbox 1421 3107 1454 3156; x_wconf 92' lang='lat' dir='ltr'>ut</span> <span class='ocrx_word' id='word_1_269' title='bbox 1479 3102 1508 3157; x_wconf 87' lang='lat' dir='ltr'>in</span> <span class='ocrx_word' id='word_1_270' title='bbox 1533 3101 1609 3156; x_wconf 89' lang='lat' dir='ltr'>nullo</span> <span class='ocrx_word' id='word_1_271' title='bbox 1635 3101 1693 3156; x_wconf 89' lang='lat' dir='ltr'>loro</span> <span class='ocrx_word' id='word_1_272' title='bbox 1719 3101 1777 3157; x_wconf 87' lang='lat' dir='ltr'>sive</span> <span class='ocrx_word' id='word_1_273' title='bbox 1797 3102 1953 3158; x_wconf 78' lang='lat' dir='ltr'>venditione</span> <span class='ocrx_word' id='word_1_274' title='bbox 1973 3118 2051 3156; x_wconf 89' lang='lat' dir='ltr'>rerum</span> 
     </span>
     <span class='ocr_line' id='line_1_26' title="bbox 420 3198 2053 3268; baseline -0.003 -12"><span class='ocrx_word' id='word_1_275' title='bbox 420 3217 532 3256; x_wconf 90' lang='lat' dir='ltr'>suarum</span> <span class='ocrx_word' id='word_1_276' title='bbox 550 3201 651 3256; x_wconf 86' lang='lat' dir='ltr'>eisdem</span> <span class='ocrx_word' id='word_1_277' title='bbox 669 3201 842 3267; x_wconf 87' lang='lat' dir='ltr'>subveniant,</span> <span class='ocrx_word' id='word_1_278' title='bbox 863 3201 1013 3255; x_wconf 89' lang='lat' dir='ltr'>omnimode</span> <span class='ocrx_word' id='word_1_279' title='bbox 1026 3198 1216 3255; x_wconf 65' lang='lat' dir='ltr'>secludimusll</span> <span class='ocrx_word' id='word_1_280' title='bbox 1249 3201 1301 3254; x_wconf 89' lang='lat' dir='ltr'>Sed</span> <span class='ocrx_word' id='word_1_281' title='bbox 1314 3202 1337 3255; x_wconf 89' lang='lat' dir='ltr'>si</span> <span class='ocrx_word' id='word_1_282' title='bbox 1352 3199 1451 3268; x_wconf 87' lang='lat' dir='ltr'>aliquis</span> <span class='ocrx_word' id='word_1_283' title='bbox 1466 3217 1499 3254; x_wconf 83' lang='lat' dir='ltr'>ex</span> <span class='ocrx_word' id='word_1_284' title='bbox 1512 3199 1615 3254; x_wconf 88' lang='lat' dir='ltr'>nostrie</span> <span class='ocrx_word' id='word_1_285' title='bbox 1628 3199 1785 3255; x_wconf 85' lang='lat' dir='ltr'>concivibus</span> <span class='ocrx_word' id='word_1_286' title='bbox 1798 3199 1866 3255; x_wconf 85' lang='lat' dir='ltr'>ciris</span> <span class='ocrx_word' id='word_1_287' title='bbox 1879 3201 2053 3268; x_wconf 87' lang='lat' dir='ltr'>qualiscunque</span> 
     </span>
     <span class='ocr_line' id='line_1_27' title="bbox 422 3297 2053 3368; baseline -0.003 -14"><span class='ocrx_word' id='word_1_288' title='bbox 422 3341 427 3354; x_wconf 92' lang='lat'><strong><em>.</em></strong></span> <span class='ocrx_word' id='word_1_289' title='bbox 448 3340 454 3353; x_wconf 93' lang='lat'><strong>.</strong></span> <span class='ocrx_word' id='word_1_290' title='bbox 473 3299 696 3354; x_wconf 78' lang='lat' dir='ltr'>malefactoribus</span> <span class='ocrx_word' id='word_1_291' title='bbox 716 3299 818 3354; x_wconf 89' lang='lat' dir='ltr'>talibus</span> <span class='ocrx_word' id='word_1_292' title='bbox 830 3315 878 3354; x_wconf 90' lang='lat' dir='ltr'>seu</span> <span class='ocrx_word' id='word_1_293' title='bbox 892 3299 966 3368; x_wconf 86' lang='lat' dir='ltr'>ipsos</span> <span class='ocrx_word' id='word_1_294' title='bbox 979 3298 1019 3354; x_wconf 86' lang='lat' dir='ltr'>sic</span> <span class='ocrx_word' id='word_1_295' title='bbox 1031 3297 1206 3352; x_wconf 85' lang='lat' dir='ltr'>servantibus</span> <span class='ocrx_word' id='word_1_296' title='bbox 1219 3300 1263 3355; x_wconf 88' lang='lat' dir='ltr'>vel</span> <span class='ocrx_word' id='word_1_297' title='bbox 1276 3298 1431 3353; x_wconf 83' lang='lat' dir='ltr'>laventibus</span> <span class='ocrx_word' id='word_1_298' title='bbox 1444 3297 1595 3353; x_wconf 87' lang='lat' dir='ltr'>subsidium</span> <span class='ocrx_word' id='word_1_299' title='bbox 1608 3297 1719 3366; x_wconf 83' lang='lat' dir='ltr'>aliquod</span> <span class='ocrx_word' id='word_1_300' title='bbox 1731 3297 1760 3352; x_wconf 93' lang='lat' dir='ltr'>in</span> <span class='ocrx_word' id='word_1_301' title='bbox 1773 3297 1832 3352; x_wconf 87' lang='lat' dir='ltr'>loro</span> <span class='ocrx_word' id='word_1_302' title='bbox 1845 3298 1903 3356; x_wconf 85' lang='lat' dir='ltr'>sive</span> <span class='ocrx_word' id='word_1_303' title='bbox 1914 3299 2053 3354; x_wconf 82' lang='lat' dir='ltr'>venditione</span> 
     </span>
     <span class='ocr_line' id='line_1_28' title="bbox 419 3396 2052 3465; baseline -0.002 -14"><span class='ocrx_word' id='word_1_304' title='bbox 419 3397 551 3451; x_wconf 90' lang='lat' dir='ltr'>iamdicta</span> <span class='ocrx_word' id='word_1_305' title='bbox 568 3397 675 3451; x_wconf 86' lang='lat' dir='ltr'>notorie</span> <span class='ocrx_word' id='word_1_306' title='bbox 692 3397 854 3465; x_wconf 76' lang='lat' dir='ltr'>prostiterit,</span> <span class='ocrx_word' id='word_1_307' title='bbox 874 3397 960 3452; x_wconf 86' lang='lat' dir='ltr'>exibit</span> <span class='ocrx_word' id='word_1_308' title='bbox 979 3413 1080 3451; x_wconf 88' lang='lat' dir='ltr'>annum</span> <span class='ocrx_word' id='word_1_309' title='bbox 1098 3398 1240 3452; x_wconf 87' lang='lat' dir='ltr'>civitatem</span> <span class='ocrx_word' id='word_1_310' title='bbox 1258 3405 1382 3452; x_wconf 90' lang='lat' dir='ltr'>nostram</span> <span class='ocrx_word' id='word_1_311' title='bbox 1400 3396 1496 3465; x_wconf 89' lang='lat' dir='ltr'>cuique</span> <span class='ocrx_word' id='word_1_312' title='bbox 1514 3396 1650 3451; x_wconf 87' lang='lat' dir='ltr'>dictarum</span> <span class='ocrx_word' id='word_1_313' title='bbox 1664 3397 1808 3451; x_wconf 87' lang='lat' dir='ltr'>civitatum</span> <span class='ocrx_word' id='word_1_314' title='bbox 1824 3398 1962 3452; x_wconf 89' lang='lat' dir='ltr'>tribuendo</span> <span class='ocrx_word' id='word_1_315' title='bbox 1973 3397 2052 3450; x_wconf 87' lang='lat' dir='ltr'>decem</span> 
     </span>
    </p>
   </div>
   <div class='ocr_carea' id='block_1_10' title="bbox 420 3491 2058 3973">
    <p class='ocr_par' dir='ltr' id='par_1_11' title="bbox 420 3491 2058 3973">
     <span class='ocr_line' id='line_1_29' title="bbox 421 3491 2053 3579; baseline -0.001 -23"><span class='ocrx_word' id='word_1_316' title='bbox 421 3519 527 3557; x_wconf 87' lang='lat' dir='ltr'>marcas</span> <span class='ocrx_word' id='word_1_317' title='bbox 550 3495 784 3578; x_wconf 79' lang='lat' dir='ltr'>denat&#39;ibrum,⁶</span> <span class='ocrx_word' id='word_1_318' title='bbox 807 3504 831 3556; x_wconf 89' lang='lat' dir='ltr'>si</span> <span class='ocrx_word' id='word_1_319' title='bbox 849 3503 935 3557; x_wconf 88' lang='lat' dir='ltr'>eidem</span> <span class='ocrx_word' id='word_1_320' title='bbox 956 3491 1155 3578; x_wconf 71' lang='lat' dir='ltr'>suppetuntf</span> <span class='ocrx_word' id='word_1_321' title='bbox 1176 3503 1332 3572; x_wconf 75' lang='lat' dir='ltr'>insultores,</span> <span class='ocrx_word' id='word_1_322' title='bbox 1350 3520 1401 3572; x_wconf 87' lang='lat' dir='ltr'>que</span> <span class='ocrx_word' id='word_1_323' title='bbox 1426 3503 1450 3558; x_wconf 87' lang='lat' dir='ltr'>si</span> <span class='ocrx_word' id='word_1_324' title='bbox 1468 3519 1522 3557; x_wconf 92' lang='lat' dir='ltr'>non</span> <span class='ocrx_word' id='word_1_325' title='bbox 1545 3493 1750 3579; x_wconf 77' lang='lat' dir='ltr'>suppetunt,¹</span> <span class='ocrx_word' id='word_1_326' title='bbox 1766 3505 1857 3573; x_wconf 92' lang='lat' dir='ltr'>ipsum</span> <span class='ocrx_word' id='word_1_327' title='bbox 1874 3519 1960 3559; x_wconf 88' lang='lat' dir='ltr'>muros</span> <span class='ocrx_word' id='word_1_328' title='bbox 1972 3515 2053 3558; x_wconf 87' lang='lat' dir='ltr'>nostre</span> 
     </span>
     <span class='ocr_line' id='line_1_30' title="bbox 421 3607 2053 3679; baseline -0.004 -14"><span class='ocrx_word' id='word_1_329' title='bbox 421 3610 544 3665; x_wconf 84' lang='lat' dir='ltr'>civitatis</span> <span class='ocrx_word' id='word_1_330' title='bbox 563 3625 624 3664; x_wconf 91' lang='lat' dir='ltr'>cum</span> <span class='ocrx_word' id='word_1_331' title='bbox 637 3653 643 3666; x_wconf 89' lang='lat'><strong>.</strong></span> <span class='ocrx_word' id='word_1_332' title='bbox 657 3651 663 3664; x_wconf 92' lang='lat'>.</span> <span class='ocrx_word' id='word_1_333' title='bbox 676 3610 768 3678; x_wconf 87' lang='lat' dir='ltr'>pueris</span> <span class='ocrx_word' id='word_1_334' title='bbox 787 3616 815 3664; x_wconf 90' lang='lat' dir='ltr'>et</span> <span class='ocrx_word' id='word_1_335' title='bbox 829 3652 834 3663; x_wconf 90' lang='lat'>.</span> <span class='ocrx_word' id='word_1_336' title='bbox 848 3651 854 3664; x_wconf 92' lang='lat'><strong><em>.</em></strong></span> <span class='ocrx_word' id='word_1_337' title='bbox 868 3619 977 3665; x_wconf 74' lang='lat' dir='ltr'>virores</span> <span class='ocrx_word' id='word_1_338' title='bbox 992 3617 1072 3664; x_wconf 83' lang='lat' dir='ltr'>extra</span> <span class='ocrx_word' id='word_1_339' title='bbox 1091 3625 1137 3664; x_wconf 89' lang='lat' dir='ltr'>eos</span> <span class='ocrx_word' id='word_1_340' title='bbox 1156 3608 1289 3664; x_wconf 82' lang='lat' dir='ltr'>manereh</span> <span class='ocrx_word' id='word_1_341' title='bbox 1304 3609 1501 3678; x_wconf 81' lang='lat' dir='ltr'>perpetualiter</span> <span class='ocrx_word' id='word_1_342' title='bbox 1519 3609 1702 3679; x_wconf 82' lang='lat' dir='ltr'>leciemus.(3)</span> <span class='ocrx_word' id='word_1_343' title='bbox 1733 3609 1892 3666; x_wconf 84' lang='lat' dir='ltr'>Addicimns</span> <span class='ocrx_word' id='word_1_344' title='bbox 1908 3612 1994 3678; x_wconf 82' lang='lat' dir='ltr'>itaque</span> <span class='ocrx_word' id='word_1_345' title='bbox 2004 3607 2053 3671; x_wconf 86' lang='lat' dir='ltr'>bac,</span> 
     </span>
     <span class='ocr_line' id='line_1_31' title="bbox 420 3705 2054 3778; baseline -0.004 -15"><span class='ocrx_word' id='word_1_346' title='bbox 420 3714 460 3778; x_wconf 92' lang='lat' dir='ltr'>ut,</span> <span class='ocrx_word' id='word_1_347' title='bbox 474 3710 497 3763; x_wconf 89' lang='lat' dir='ltr'>si</span> <span class='ocrx_word' id='word_1_348' title='bbox 511 3708 593 3762; x_wconf 89' lang='lat' dir='ltr'>alicui</span> <span class='ocrx_word' id='word_1_349' title='bbox 603 3708 749 3762; x_wconf 87' lang='lat' dir='ltr'>civitatum</span> <span class='ocrx_word' id='word_1_350' title='bbox 759 3707 904 3762; x_wconf 86' lang='lat' dir='ltr'>earundem</span> <span class='ocrx_word' id='word_1_351' title='bbox 914 3707 1006 3776; x_wconf 88' lang='lat' dir='ltr'>eliqua</span> <span class='ocrx_word' id='word_1_352' title='bbox 1015 3708 1154 3778; x_wconf 88' lang='lat' dir='ltr'>ingruerit</span> <span class='ocrx_word' id='word_1_353' title='bbox 1163 3709 1323 3776; x_wconf 84' lang='lat' dir='ltr'>necessitas,</span> <span class='ocrx_word' id='word_1_354' title='bbox 1334 3725 1383 3762; x_wconf 91' lang='lat' dir='ltr'>nos</span> <span class='ocrx_word' id='word_1_355' title='bbox 1393 3707 1519 3776; x_wconf 87' lang='lat' dir='ltr'>requisiti</span> <span class='ocrx_word' id='word_1_356' title='bbox 1529 3709 1620 3763; x_wconf 88' lang='lat' dir='ltr'>decem</span> <span class='ocrx_word' id='word_1_357' title='bbox 1629 3707 1753 3776; x_wconf 88' lang='lat' dir='ltr'>personis</span> <span class='ocrx_word' id='word_1_358' title='bbox 1762 3723 1822 3762; x_wconf 90' lang='lat' dir='ltr'>cum</span> <span class='ocrx_word' id='word_1_359' title='bbox 1833 3709 1934 3763; x_wconf 87' lang='lat' dir='ltr'>nostris</span> <span class='ocrx_word' id='word_1_360' title='bbox 1942 3705 2054 3774; x_wconf 85' lang='lat' dir='ltr'>expensis</span> 
     </span>
     <span class='ocr_line' id='line_1_32' title="bbox 420 3803 2055 3876; baseline -0.004 -15"><span class='ocrx_word' id='word_1_361' title='bbox 420 3822 471 3861; x_wconf 85' lang='lat' dir='ltr'>nec</span> <span class='ocrx_word' id='word_1_362' title='bbox 479 3806 660 3876; x_wconf 88' lang='lat' dir='ltr'>paucioribus,</span> <span class='ocrx_word' id='word_1_363' title='bbox 667 3806 747 3859; x_wconf 90' lang='lat' dir='ltr'>immo</span> <span class='ocrx_word' id='word_1_364' title='bbox 756 3805 780 3860; x_wconf 89' lang='lat' dir='ltr'>si</span> <span class='ocrx_word' id='word_1_365' title='bbox 791 3805 940 3860; x_wconf 87' lang='lat' dir='ltr'>necessitas</span> <span class='ocrx_word' id='word_1_366' title='bbox 950 3811 1032 3860; x_wconf 89' lang='lat' dir='ltr'>tanta</span> <span class='ocrx_word' id='word_1_367' title='bbox 1041 3806 1133 3875; x_wconf 88' lang='lat' dir='ltr'>luerit,</span> <span class='ocrx_word' id='word_1_368' title='bbox 1140 3808 1243 3861; x_wconf 84' lang='lat' dir='ltr'>nostris</span> <span class='ocrx_word' id='word_1_369' title='bbox 1252 3806 1357 3862; x_wconf 87' lang='lat' dir='ltr'>viribus</span> <span class='ocrx_word' id='word_1_370' title='bbox 1366 3807 1434 3861; x_wconf 91' lang='lat' dir='ltr'>totis</span> <span class='ocrx_word' id='word_1_371' title='bbox 1444 3806 1530 3860; x_wconf 89' lang='lat' dir='ltr'>eidem</span> <span class='ocrx_word' id='word_1_372' title='bbox 1540 3807 1568 3860; x_wconf 94' lang='lat' dir='ltr'>in</span> <span class='ocrx_word' id='word_1_373' title='bbox 1577 3805 1710 3860; x_wconf 82' lang='lat' dir='ltr'>auxilium</span> <span class='ocrx_word' id='word_1_374' title='bbox 1717 3808 1902 3875; x_wconf 73' lang='lat' dir='ltr'>veniemusqll</span> <span class='ocrx_word' id='word_1_375' title='bbox 1913 3803 2055 3860; x_wconf 70' lang='lat' dir='ltr'>addicimus</span> 
     </span>
     <span class='ocr_line' id='line_1_33' title="bbox 420 3903 2058 3973; baseline -0.004 -15"><span class='ocrx_word' id='word_1_376' title='bbox 420 3904 513 3973; x_wconf 87' lang='lat' dir='ltr'>eciam,</span> <span class='ocrx_word' id='word_1_377' title='bbox 527 3904 604 3972; x_wconf 84' lang='lat' dir='ltr'>quod,</span> <span class='ocrx_word' id='word_1_378' title='bbox 617 3903 640 3958; x_wconf 91' lang='lat' dir='ltr'>si</span> <span class='ocrx_word' id='word_1_379' title='bbox 653 3903 726 3958; x_wconf 90' lang='lat' dir='ltr'>inter</span> <span class='ocrx_word' id='word_1_380' title='bbox 740 3904 808 3958; x_wconf 91' lang='lat' dir='ltr'>duas</span> <span class='ocrx_word' id='word_1_381' title='bbox 821 3903 949 3958; x_wconf 86' lang='lat' dir='ltr'>civitates</span> <span class='ocrx_word' id='word_1_382' title='bbox 962 3919 1010 3959; x_wconf 88' lang='lat' dir='ltr'>seu</span> <span class='ocrx_word' id='word_1_383' title='bbox 1022 3905 1096 3958; x_wconf 87' lang='lat' dir='ltr'>inter</span> <span class='ocrx_word' id='word_1_384' title='bbox 1109 3903 1225 3959; x_wconf 90' lang='lat' dir='ltr'>duarum</span> <span class='ocrx_word' id='word_1_385' title='bbox 1239 3903 1385 3959; x_wconf 86' lang='lat' dir='ltr'>civitatum</span> <span class='ocrx_word' id='word_1_386' title='bbox 1398 3907 1471 3959; x_wconf 86' lang='lat' dir='ltr'>cives</span> <span class='ocrx_word' id='word_1_387' title='bbox 1485 3903 1577 3971; x_wconf 88' lang='lat' dir='ltr'>eliqua</span> <span class='ocrx_word' id='word_1_388' title='bbox 1587 3903 1731 3972; x_wconf 83' lang='lat' dir='ltr'>discordia,</span> <span class='ocrx_word' id='word_1_389' title='bbox 1741 3905 1848 3972; x_wconf 89' lang='lat' dir='ltr'>questio</span> <span class='ocrx_word' id='word_1_390' title='bbox 1858 3921 1906 3960; x_wconf 89' lang='lat' dir='ltr'>seu</span> <span class='ocrx_word' id='word_1_391' title='bbox 1917 3905 2058 3972; x_wconf 83' lang='lat' dir='ltr'>questiones</span> 
     </span>
    </p>
   </div>
   <div class='ocr_carea' id='block_1_11' title="bbox 420 3995 2059 4080">
    <p class='ocr_par' dir='ltr' id='par_1_12' title="bbox 420 3995 2059 4080">
     <span class='ocr_line' id='line_1_34' title="bbox 420 3995 2059 4080; baseline 0 -16"><span class='ocrx_word' id='word_1_392' title='bbox 420 4011 565 4080; x_wconf 86' lang='lat' dir='ltr'>oriuntur,¹</span> <span class='ocrx_word' id='word_1_393' title='bbox 592 4010 646 4065; x_wconf 90' lang='lat' dir='ltr'>alie</span> <span class='ocrx_word' id='word_1_394' title='bbox 672 4011 724 4064; x_wconf 91' lang='lat' dir='ltr'>due</span> <span class='ocrx_word' id='word_1_395' title='bbox 749 4010 878 4066; x_wconf 85' lang='lat' dir='ltr'>civitates</span> <span class='ocrx_word' id='word_1_396' title='bbox 902 4011 1057 4065; x_wconf 89' lang='lat' dir='ltr'>huiusmodi</span> <span class='ocrx_word' id='word_1_397' title='bbox 1082 4012 1254 4080; x_wconf 84' lang='lat' dir='ltr'>discordiam,</span> <span class='ocrx_word' id='word_1_398' title='bbox 1277 4011 1446 4080; x_wconf 88' lang='lat' dir='ltr'>questionem</span> <span class='ocrx_word' id='word_1_399' title='bbox 1465 4025 1513 4066; x_wconf 87' lang='lat' dir='ltr'>scu</span> <span class='ocrx_word' id='word_1_400' title='bbox 1532 4009 1688 4079; x_wconf 86' lang='lat' dir='ltr'>questiones</span> <span class='ocrx_word' id='word_1_401' title='bbox 1707 4003 1857 4070; x_wconf 77' lang='lat' dir='ltr'>decidere</span> <span class='ocrx_word' id='word_1_402' title='bbox 1883 3995 2059 4070; x_wconf 72' lang='lat' dir='ltr'>debebunt-,¹¹</span> 
     </span>
    </p>
   </div>
   <div class='ocr_carea' id='block_1_12' title="bbox 421 4117 2061 4385">
    <p class='ocr_par' dir='ltr' id='par_1_13' title="bbox 421 4117 2061 4385">
     <span class='ocr_line' id='line_1_35' title="bbox 421 4117 2060 4187; baseline -0.002 -16"><span class='ocrx_word' id='word_1_403' title='bbox 421 4126 501 4185; x_wconf 91' lang='lat' dir='ltr'>prout</span> <span class='ocrx_word' id='word_1_404' title='bbox 526 4119 585 4185; x_wconf 89' lang='lat' dir='ltr'>ipse</span> <span class='ocrx_word' id='word_1_405' title='bbox 610 4117 740 4171; x_wconf 87' lang='lat' dir='ltr'>civitatee</span> <span class='ocrx_word' id='word_1_406' title='bbox 766 4118 913 4173; x_wconf 86' lang='lat' dir='ltr'>secundum</span> <span class='ocrx_word' id='word_1_407' title='bbox 931 4119 1070 4172; x_wconf 89' lang='lat' dir='ltr'>iusticiam</span> <span class='ocrx_word' id='word_1_408' title='bbox 1089 4119 1211 4174; x_wconf 87' lang='lat' dir='ltr'>viderint</span> <span class='ocrx_word' id='word_1_409' title='bbox 1229 4119 1363 4187; x_wconf 83' lang='lat' dir='ltr'>expedire.</span> <span class='ocrx_word' id='word_1_410' title='bbox 1401 4120 1486 4186; x_wconf 88' lang='lat' dir='ltr'>Super</span> <span class='ocrx_word' id='word_1_411' title='bbox 1504 4117 1557 4172; x_wconf 89' lang='lat' dir='ltr'>hiis</span> <span class='ocrx_word' id='word_1_412' title='bbox 1575 4119 1642 4186; x_wconf 85' lang='lat' dir='ltr'>ipsis</span> <span class='ocrx_word' id='word_1_413' title='bbox 1659 4119 1769 4186; x_wconf 89' lang='lat' dir='ltr'>plenam</span> <span class='ocrx_word' id='word_1_414' title='bbox 1788 4119 1885 4174; x_wconf 89' lang='lat' dir='ltr'>damus</span> <span class='ocrx_word' id='word_1_415' title='bbox 1903 4128 1992 4173; x_wconf 89' lang='lat' dir='ltr'>tenore</span> <span class='ocrx_word' id='word_1_416' title='bbox 2009 4130 2060 4182; x_wconf 85' lang='lat' dir='ltr'>pre-</span> 
     </span>
     <span class='ocr_line' id='line_1_36' title="bbox 421 4215 2060 4285; baseline -0.002 -17"><span class='ocrx_word' id='word_1_417' title='bbox 421 4215 541 4269; x_wconf 88' lang='lat' dir='ltr'>sencium</span> <span class='ocrx_word' id='word_1_418' title='bbox 567 4216 785 4283; x_wconf 73' lang='lat' dir='ltr'>potestatemlbl</span> <span class='ocrx_word' id='word_1_419' title='bbox 822 4215 954 4270; x_wconf 85' lang='lat' dir='ltr'>Preterea</span> <span class='ocrx_word' id='word_1_420' title='bbox 978 4217 1104 4272; x_wconf 87' lang='lat' dir='ltr'>volumus</span> <span class='ocrx_word' id='word_1_421' title='bbox 1124 4225 1152 4271; x_wconf 90' lang='lat' dir='ltr'>et</span> <span class='ocrx_word' id='word_1_422' title='bbox 1171 4216 1328 4284; x_wconf 82' lang='lat' dir='ltr'>statuimus,</span> <span class='ocrx_word' id='word_1_423' title='bbox 1347 4217 1426 4285; x_wconf 89' lang='lat' dir='ltr'>quod,</span> <span class='ocrx_word' id='word_1_424' title='bbox 1446 4217 1470 4270; x_wconf 92' lang='lat' dir='ltr'>si</span> <span class='ocrx_word' id='word_1_425' title='bbox 1489 4215 1580 4283; x_wconf 85' lang='lat' dir='ltr'>aliqua</span> <span class='ocrx_word' id='word_1_426' title='bbox 1598 4215 1736 4270; x_wconf 87' lang='lat' dir='ltr'>dictarum</span> <span class='ocrx_word' id='word_1_427' title='bbox 1753 4223 1911 4271; x_wconf 85' lang='lat' dir='ltr'>nostrarum</span> <span class='ocrx_word' id='word_1_428' title='bbox 1928 4215 2060 4270; x_wconf 76' lang='lat' dir='ltr'>civitatum</span> 
     </span>
     <span class='ocr_line' id='line_1_37' title="bbox 422 4310 2061 4385; baseline -0.002 -19"><span class='ocrx_word' id='word_1_429' title='bbox 422 4312 457 4367; x_wconf 88' lang='lat' dir='ltr'>ab</span> <span class='ocrx_word' id='word_1_430' title='bbox 483 4310 618 4380; x_wconf 83' lang='lat' dir='ltr'>aliquibus</span> <span class='ocrx_word' id='word_1_431' title='bbox 637 4314 695 4366; x_wconf 87' lang='lat' dir='ltr'>suis</span> <span class='ocrx_word' id='word_1_432' title='bbox 714 4311 832 4367; x_wconf 90' lang='lat' dir='ltr'>inimicis</span> <span class='ocrx_word' id='word_1_433' title='bbox 850 4329 899 4368; x_wconf 86' lang='lat' dir='ltr'>seu</span> <span class='ocrx_word' id='word_1_434' title='bbox 917 4313 1127 4370; x_wconf 86' lang='lat' dir='ltr'>iniuriatoribua</span> <span class='ocrx_word' id='word_1_435' title='bbox 1145 4319 1319 4385; x_wconf 56' lang='lat' dir='ltr'>pararetur,</span> <span class='ocrx_word' id='word_1_436' title='bbox 1338 4314 1392 4368; x_wconf 89' lang='lat' dir='ltr'>alie</span> <span class='ocrx_word' id='word_1_437' title='bbox 1412 4319 1470 4368; x_wconf 88' lang='lat' dir='ltr'>tres</span> <span class='ocrx_word' id='word_1_438' title='bbox 1489 4313 1617 4369; x_wconf 83' lang='lat' dir='ltr'>civitates</span> <span class='ocrx_word' id='word_1_439' title='bbox 1637 4313 1736 4368; x_wconf 87' lang='lat' dir='ltr'>debent</span> <span class='ocrx_word' id='word_1_440' title='bbox 1754 4316 1900 4369; x_wconf 80' lang='lat' dir='ltr'>conuenire</span> <span class='ocrx_word' id='word_1_441' title='bbox 1915 4321 1945 4368; x_wconf 88' lang='lat' dir='ltr'>et</span> <span class='ocrx_word' id='word_1_442' title='bbox 1962 4325 2061 4366; x_wconf 79' lang='lat' dir='ltr'>causam</span> 
     </span>
    </p>
   </div>
   <div class='ocr_carea' id='block_1_13' title="bbox 420 4410 2061 4496">
    <p class='ocr_par' dir='ltr' id='par_1_14' title="bbox 420 4410 2061 4496">
     <span class='ocr_line' id='line_1_38' title="bbox 420 4410 2061 4496; baseline -0.001 -24"><span class='ocrx_word' id='word_1_443' title='bbox 420 4418 588 4488; x_wconf 72' lang='lat' dir='ltr'>gravaminis</span> <span class='ocrx_word' id='word_1_444' title='bbox 607 4429 823 4489; x_wconf 87' lang='lat' dir='ltr'>cognoscereet,</span> <span class='ocrx_word' id='word_1_445' title='bbox 843 4422 867 4474; x_wconf 89' lang='lat' dir='ltr'>si</span> <span class='ocrx_word' id='word_1_446' title='bbox 884 4421 1051 4490; x_wconf 86' lang='lat' dir='ltr'>invenerint,</span> <span class='ocrx_word' id='word_1_447' title='bbox 1071 4421 1142 4490; x_wconf 90' lang='lat' dir='ltr'>quod</span> <span class='ocrx_word' id='word_1_448' title='bbox 1161 4422 1222 4490; x_wconf 89' lang='lat' dir='ltr'>ipsa</span> <span class='ocrx_word' id='word_1_449' title='bbox 1241 4421 1340 4476; x_wconf 87' lang='lat' dir='ltr'>civitas</span> <span class='ocrx_word' id='word_1_450' title='bbox 1359 4420 1480 4475; x_wconf 86' lang='lat' dir='ltr'>indebite</span> <span class='ocrx_word' id='word_1_451' title='bbox 1493 4427 1668 4491; x_wconf 81' lang='lat' dir='ltr'>estgravata</span> <span class='ocrx_word' id='word_1_452' title='bbox 1688 4413 1742 4482; x_wconf 87' lang='lat' dir='ltr'>vel</span> <span class='ocrx_word' id='word_1_453' title='bbox 1765 4410 1945 4496; x_wconf 82' lang='lat' dir='ltr'>oppressa,¹</span> <span class='ocrx_word' id='word_1_454' title='bbox 1970 4421 2061 4485; x_wconf 80' lang='lat' dir='ltr'>relique</span> 
     </span>
    </p>
   </div>
   <div class='ocr_carea' id='block_1_14' title="bbox 420 4523 2062 4893">
    <p class='ocr_par' dir='ltr' id='par_1_15' title="bbox 420 4523 2062 4893">
     <span class='ocr_line' id='line_1_39' title="bbox 420 4523 2061 4597; baseline -0.001 -18"><span class='ocrx_word' id='word_1_455' title='bbox 420 4528 547 4581; x_wconf 88' lang='lat' dir='ltr'>civitates</span> <span class='ocrx_word' id='word_1_456' title='bbox 565 4527 608 4581; x_wconf 92' lang='lat' dir='ltr'>illi</span> <span class='ocrx_word' id='word_1_457' title='bbox 626 4526 759 4582; x_wconf 85' lang='lat' dir='ltr'>auxilium</span> <span class='ocrx_word' id='word_1_458' title='bbox 778 4536 806 4584; x_wconf 90' lang='lat' dir='ltr'>et</span> <span class='ocrx_word' id='word_1_459' title='bbox 824 4527 952 4582; x_wconf 87' lang='lat' dir='ltr'>iuvamen</span> <span class='ocrx_word' id='word_1_460' title='bbox 970 4529 1135 4596; x_wconf 84' lang='lat' dir='ltr'>prestabant</span> <span class='ocrx_word' id='word_1_461' title='bbox 1153 4528 1299 4583; x_wconf 90' lang='lat' dir='ltr'>secundum</span> <span class='ocrx_word' id='word_1_462' title='bbox 1320 4528 1451 4582; x_wconf 84' lang='lat' dir='ltr'>articulos</span> <span class='ocrx_word' id='word_1_463' title='bbox 1469 4533 1639 4597; x_wconf 84' lang='lat' dir='ltr'>prenotatos.</span> <span class='ocrx_word' id='word_1_464' title='bbox 1678 4529 1729 4584; x_wconf 86' lang='lat' dir='ltr'>Sed</span> <span class='ocrx_word' id='word_1_465' title='bbox 1749 4528 1773 4583; x_wconf 91' lang='lat' dir='ltr'>si</span> <span class='ocrx_word' id='word_1_466' title='bbox 1792 4529 1982 4595; x_wconf 80' lang='lat' dir='ltr'>invenerimus,</span> <span class='ocrx_word' id='word_1_467' title='bbox 2000 4523 2061 4594; x_wconf 90' lang='lat' dir='ltr'>quod</span> 
     </span>
     <span class='ocr_line' id='line_1_40' title="bbox 422 4623 2061 4696; baseline -0.003 -17"><span class='ocrx_word' id='word_1_468' title='bbox 422 4625 514 4693; x_wconf 88' lang='lat' dir='ltr'>aliqua</span> <span class='ocrx_word' id='word_1_469' title='bbox 540 4625 675 4680; x_wconf 90' lang='lat' dir='ltr'>dictarum</span> <span class='ocrx_word' id='word_1_470' title='bbox 700 4632 857 4680; x_wconf 87' lang='lat' dir='ltr'>nostrarum</span> <span class='ocrx_word' id='word_1_471' title='bbox 883 4626 1027 4681; x_wconf 86' lang='lat' dir='ltr'>civitatum</span> <span class='ocrx_word' id='word_1_472' title='bbox 1053 4626 1172 4695; x_wconf 85' lang='lat' dir='ltr'>aliquem</span> <span class='ocrx_word' id='word_1_473' title='bbox 1196 4628 1270 4682; x_wconf 84' lang='lat' dir='ltr'>velm</span> <span class='ocrx_word' id='word_1_474' title='bbox 1298 4627 1402 4694; x_wconf 89' lang='lat' dir='ltr'>aliquos</span> <span class='ocrx_word' id='word_1_475' title='bbox 1428 4627 1490 4681; x_wconf 86' lang='lat' dir='ltr'>vult</span> <span class='ocrx_word' id='word_1_476' title='bbox 1514 4635 1564 4681; x_wconf 92' lang='lat' dir='ltr'>aut</span> <span class='ocrx_word' id='word_1_477' title='bbox 1582 4627 1702 4682; x_wconf 89' lang='lat' dir='ltr'>intendit</span> <span class='ocrx_word' id='word_1_478' title='bbox 1721 4627 1843 4682; x_wconf 87' lang='lat' dir='ltr'>indebite</span> <span class='ocrx_word' id='word_1_479' title='bbox 1862 4628 2008 4696; x_wconf 86' lang='lat' dir='ltr'>opprimere</span> <span class='ocrx_word' id='word_1_480' title='bbox 2024 4623 2061 4678; x_wconf 85' lang='lat' dir='ltr'>rel</span> 
     </span>
     <span class='ocr_line' id='line_1_41' title="bbox 420 4721 2061 4796; baseline -0.002 -18"><span class='ocrx_word' id='word_1_481' title='bbox 420 4724 549 4778; x_wconf 87' lang='lat' dir='ltr'>iniuriam</span> <span class='ocrx_word' id='word_1_482' title='bbox 569 4724 651 4779; x_wconf 90' lang='lat' dir='ltr'>alicui</span> <span class='ocrx_word' id='word_1_483' title='bbox 668 4726 801 4795; x_wconf 88' lang='lat' dir='ltr'>irrogare,</span> <span class='ocrx_word' id='word_1_484' title='bbox 821 4741 870 4780; x_wconf 90' lang='lat' dir='ltr'>noe</span> <span class='ocrx_word' id='word_1_485' title='bbox 888 4726 972 4780; x_wconf 88' lang='lat' dir='ltr'>talem</span> <span class='ocrx_word' id='word_1_486' title='bbox 992 4725 1132 4780; x_wconf 90' lang='lat' dir='ltr'>civitatem</span> <span class='ocrx_word' id='word_1_487' title='bbox 1152 4725 1187 4780; x_wconf 89' lang='lat' dir='ltr'>ab</span> <span class='ocrx_word' id='word_1_488' title='bbox 1205 4725 1360 4780; x_wconf 90' lang='lat' dir='ltr'>huiusmodi</span> <span class='ocrx_word' id='word_1_489' title='bbox 1377 4724 1479 4779; x_wconf 84' lang='lat' dir='ltr'>iniuria</span> <span class='ocrx_word' id='word_1_490' title='bbox 1498 4729 1527 4779; x_wconf 91' lang='lat' dir='ltr'>et</span> <span class='ocrx_word' id='word_1_491' title='bbox 1545 4727 1699 4792; x_wconf 87' lang='lat' dir='ltr'>opressione</span> <span class='ocrx_word' id='word_1_492' title='bbox 1707 4727 1733 4796; x_wconf 83' lang='lat' dir='ltr'>(l)</span> <span class='ocrx_word' id='word_1_493' title='bbox 1753 4724 1880 4782; x_wconf 88' lang='lat' dir='ltr'>debemus</span> <span class='ocrx_word' id='word_1_494' title='bbox 1893 4732 2022 4792; x_wconf 85' lang='lat' dir='ltr'>avertere,</span> <span class='ocrx_word' id='word_1_495' title='bbox 2038 4721 2061 4774; x_wconf 88' lang='lat' dir='ltr'>in</span> 
     </span>
     <span class='ocr_line' id='line_1_42' title="bbox 420 4823 2062 4893; baseline 0 -16"><span class='ocrx_word' id='word_1_496' title='bbox 420 4831 552 4892; x_wconf 89' lang='lat' dir='ltr'>quantum</span> <span class='ocrx_word' id='word_1_497' title='bbox 562 4839 704 4892; x_wconf 89' lang='lat' dir='ltr'>possumus</span> <span class='ocrx_word' id='word_1_498' title='bbox 715 4825 786 4878; x_wconf 92' lang='lat' dir='ltr'>bona</span> <span class='ocrx_word' id='word_1_499' title='bbox 796 4823 897 4890; x_wconf 76' lang='lat' dir='ltr'>fidele)</span> <span class='ocrx_word' id='word_1_500' title='bbox 910 4823 949 4877; x_wconf 92' lang='lat' dir='ltr'>Ne</span> <span class='ocrx_word' id='word_1_501' title='bbox 959 4832 1052 4878; x_wconf 89' lang='lat' dir='ltr'>autem</span> <span class='ocrx_word' id='word_1_502' title='bbox 1061 4825 1110 4878; x_wconf 90' lang='lat' dir='ltr'>hec</span> <span class='ocrx_word' id='word_1_503' title='bbox 1120 4823 1258 4878; x_wconf 90' lang='lat' dir='ltr'>ordinacio</span> <span class='ocrx_word' id='word_1_504' title='bbox 1269 4823 1326 4878; x_wconf 86' lang='lat' dir='ltr'>sive</span> <span class='ocrx_word' id='word_1_505' title='bbox 1335 4823 1478 4891; x_wconf 86' lang='lat' dir='ltr'>promissio</span> <span class='ocrx_word' id='word_1_506' title='bbox 1489 4823 1622 4878; x_wconf 90' lang='lat' dir='ltr'>communi</span> <span class='ocrx_word' id='word_1_507' title='bbox 1632 4823 1752 4878; x_wconf 88' lang='lat' dir='ltr'>utilitati</span> <span class='ocrx_word' id='word_1_508' title='bbox 1762 4833 1919 4879; x_wconf 90' lang='lat' dir='ltr'>nostrorum</span> <span class='ocrx_word' id='word_1_509' title='bbox 1929 4823 2062 4893; x_wconf 76' lang='lat' dir='ltr'>protutura</span> 
     </span>
    </p>
   </div>
   <div class='ocr_carea' id='block_1_15' title="bbox 420 4925 2062 5001">
    <p class='ocr_par' dir='ltr' id='par_1_16' title="bbox 420 4925 2062 5001">
     <span class='ocr_line' id='line_1_43' title="bbox 420 4925 2062 5001; baseline -0.001 -17"><span class='ocrx_word' id='word_1_510' title='bbox 420 4931 545 4986; x_wconf 89' lang='lat' dir='ltr'>deleatur</span> <span class='ocrx_word' id='word_1_511' title='bbox 562 4933 591 4984; x_wconf 92' lang='lat' dir='ltr'>in</span> <span class='ocrx_word' id='word_1_512' title='bbox 611 4933 704 4999; x_wconf 87' lang='lat' dir='ltr'>aliqua</span> <span class='ocrx_word' id='word_1_513' title='bbox 721 4937 808 5000; x_wconf 91' lang='lat' dir='ltr'>parte,</span> <span class='ocrx_word' id='word_1_514' title='bbox 828 4947 877 5000; x_wconf 89' lang='lat' dir='ltr'>pro</span> <span class='ocrx_word' id='word_1_515' title='bbox 896 4937 1005 4986; x_wconf 90' lang='lat' dir='ltr'>centum</span> <span class='ocrx_word' id='word_1_516' title='bbox 1025 4934 1124 4986; x_wconf 89' lang='lat' dir='ltr'>marcis</span> <span class='ocrx_word' id='word_1_517' title='bbox 1144 4932 1317 4986; x_wconf 86' lang='lat' dir='ltr'>denariorum</span> <span class='ocrx_word' id='word_1_518' title='bbox 1335 4932 1363 4984; x_wconf 93' lang='lat' dir='ltr'>in</span> <span class='ocrx_word' id='word_1_519' title='bbox 1377 4931 1492 4986; x_wconf 88' lang='lat' dir='ltr'>invicem</span> <span class='ocrx_word' id='word_1_520' title='bbox 1513 4925 1766 4990; x_wconf 72' lang='lat' dir='ltr'>oonst&#39;udnuse</span> <span class='ocrx_word' id='word_1_521' title='bbox 1787 4931 1972 5001; x_wconf 87' lang='lat' dir='ltr'>fideiussores,</span> <span class='ocrx_word' id='word_1_522' title='bbox 1983 4929 2031 5000; x_wconf 93' lang='lat' dir='ltr'>qni,</span> <span class='ocrx_word' id='word_1_523' title='bbox 2043 4927 2062 4980; x_wconf 87' lang='lat' dir='ltr'>si</span> 
     </span>
    </p>
   </div>
   <div class='ocr_carea' id='block_1_16' title="bbox 419 5032 2062 5307">
    <p class='ocr_par' dir='ltr' id='par_1_17' title="bbox 419 5032 2062 5307">
     <span class='ocr_line' id='line_1_44' title="bbox 420 5032 2062 5109; baseline -0.002 -17"><span class='ocrx_word' id='word_1_524' title='bbox 420 5038 612 5106; x_wconf 88' lang='lat' dir='ltr'>impetuntur0</span> <span class='ocrx_word' id='word_1_525' title='bbox 635 5046 664 5094; x_wconf 89' lang='lat' dir='ltr'>et</span> <span class='ocrx_word' id='word_1_526' title='bbox 686 5041 897 5106; x_wconf 88' lang='lat' dir='ltr'>quotiescunque</span> <span class='ocrx_word' id='word_1_527' title='bbox 920 5039 1074 5093; x_wconf 87' lang='lat' dir='ltr'>huiusmodi</span> <span class='ocrx_word' id='word_1_528' title='bbox 1098 5040 1237 5093; x_wconf 89' lang='lat' dir='ltr'>ordinacio</span> <span class='ocrx_word' id='word_1_529' title='bbox 1256 5041 1313 5092; x_wconf 87' lang='lat' dir='ltr'>sive</span> <span class='ocrx_word' id='word_1_530' title='bbox 1332 5038 1474 5108; x_wconf 87' lang='lat' dir='ltr'>promissio</span> <span class='ocrx_word' id='word_1_531' title='bbox 1494 5039 1627 5094; x_wconf 85' lang='lat' dir='ltr'>iacturam</span> <span class='ocrx_word' id='word_1_532' title='bbox 1649 5039 1756 5108; x_wconf 89' lang='lat' dir='ltr'>patitur</span> <span class='ocrx_word' id='word_1_533' title='bbox 1779 5032 1836 5099; x_wconf 78' lang='lat' dir='ltr'>inl&#39;</span> <span class='ocrx_word' id='word_1_534' title='bbox 1855 5042 1949 5109; x_wconf 85' lang='lat' dir='ltr'>aliqua</span> <span class='ocrx_word' id='word_1_535' title='bbox 1962 5041 2062 5093; x_wconf 78' lang='lat' dir='ltr'>civitate</span> 
     </span>
     <span class='ocr_line' id='line_1_45' title="bbox 419 5135 2062 5208; baseline -0.002 -18"><span class='ocrx_word' id='word_1_536' title='bbox 419 5137 613 5206; x_wconf 86' lang='lat' dir='ltr'>predictarum,</span> <span class='ocrx_word' id='word_1_537' title='bbox 632 5139 737 5193; x_wconf 86' lang='lat' dir='ltr'>tociens</span> <span class='ocrx_word' id='word_1_538' title='bbox 756 5181 762 5192; x_wconf 89' lang='lat'><em>.</em></span> <span class='ocrx_word' id='word_1_539' title='bbox 783 5180 789 5192; x_wconf 94' lang='lat'><strong><em>.</em></strong></span> <span class='ocrx_word' id='word_1_540' title='bbox 808 5137 981 5192; x_wconf 86' lang='lat' dir='ltr'>fideiussores</span> <span class='ocrx_word' id='word_1_541' title='bbox 1005 5138 1082 5194; x_wconf 89' lang='lat' dir='ltr'>illiue</span> <span class='ocrx_word' id='word_1_542' title='bbox 1108 5137 1232 5192; x_wconf 87' lang='lat' dir='ltr'>civitatis</span> <span class='ocrx_word' id='word_1_543' title='bbox 1257 5154 1305 5206; x_wconf 91' lang='lat' dir='ltr'>pro</span> <span class='ocrx_word' id='word_1_544' title='bbox 1327 5139 1442 5206; x_wconf 89' lang='lat' dir='ltr'>pecunia</span> <span class='ocrx_word' id='word_1_545' title='bbox 1462 5137 1593 5192; x_wconf 82' lang='lat' dir='ltr'>iamdicta</span> <span class='ocrx_word' id='word_1_546' title='bbox 1610 5137 1735 5208; x_wconf 85' lang='lat' dir='ltr'>obligati,</span> <span class='ocrx_word' id='word_1_547' title='bbox 1754 5139 1797 5192; x_wconf 90' lang='lat' dir='ltr'>ita</span> <span class='ocrx_word' id='word_1_548' title='bbox 1815 5139 1887 5207; x_wconf 89' lang='lat' dir='ltr'>qnod</span> <span class='ocrx_word' id='word_1_549' title='bbox 1907 5139 1936 5193; x_wconf 90' lang='lat' dir='ltr'>in</span> <span class='ocrx_word' id='word_1_550' title='bbox 1954 5135 2062 5206; x_wconf 84' lang='lat' dir='ltr'>qualibet</span> 
     </span>
     <span class='ocr_line' id='line_1_46' title="bbox 420 5233 2062 5307; baseline -0.001 -18"><span class='ocrx_word' id='word_1_551' title='bbox 420 5235 544 5290; x_wconf 81' lang='lat' dir='ltr'>tractura</span> <span class='ocrx_word' id='word_1_552' title='bbox 568 5252 617 5305; x_wconf 93' lang='lat' dir='ltr'>pro</span> <span class='ocrx_word' id='word_1_553' title='bbox 643 5237 760 5307; x_wconf 88' lang='lat' dir='ltr'>singulis</span> <span class='ocrx_word' id='word_1_554' title='bbox 786 5242 894 5292; x_wconf 90' lang='lat' dir='ltr'>centum</span> <span class='ocrx_word' id='word_1_555' title='bbox 921 5237 1020 5290; x_wconf 88' lang='lat' dir='ltr'>marcis</span> <span class='ocrx_word' id='word_1_556' title='bbox 1043 5236 1190 5290; x_wconf 86' lang='lat' dir='ltr'>intrabunt</span> <span class='ocrx_word' id='word_1_557' title='bbox 1213 5236 1361 5304; x_wconf 86' lang='lat' dir='ltr'>civitatem,</span> <span class='ocrx_word' id='word_1_558' title='bbox 1382 5237 1425 5290; x_wconf 90' lang='lat' dir='ltr'>cui</span> <span class='ocrx_word' id='word_1_559' title='bbox 1451 5237 1594 5304; x_wconf 89' lang='lat' dir='ltr'>promissio</span> <span class='ocrx_word' id='word_1_560' title='bbox 1620 5237 1660 5291; x_wconf 88' lang='lat' dir='ltr'>sic</span> <span class='ocrx_word' id='word_1_561' title='bbox 1678 5236 1768 5290; x_wconf 87' lang='lat' dir='ltr'>lracta</span> <span class='ocrx_word' id='word_1_562' title='bbox 1787 5237 1951 5304; x_wconf 87' lang='lat' dir='ltr'>dinoscitur,</span> <span class='ocrx_word' id='word_1_563' title='bbox 1969 5233 2062 5291; x_wconf 90' lang='lat' dir='ltr'>tamdiu</span> 
     </span>
    </p>
   </div>
   <div class='ocr_carea' id='block_1_17' title="bbox 419 5335 2063 5419">
    <p class='ocr_par' dir='ltr' id='par_1_18' title="bbox 419 5335 2063 5419">
     <span class='ocr_line' id='line_1_47' title="bbox 419 5335 2063 5419; baseline -0.007 -16"><span class='ocrx_word' id='word_1_564' title='bbox 419 5335 638 5403; x_wconf 83' lang='lat' dir='ltr'>fideiussionis</span> <span class='ocrx_word' id='word_1_565' title='bbox 670 5338 816 5404; x_wconf 84' lang='lat' dir='ltr'>debitum</span> <span class='ocrx_word' id='word_1_566' title='bbox 846 5337 1036 5419; x_wconf 72' lang='lat' dir='ltr'>exoluturi,‘1</span> <span class='ocrx_word' id='word_1_567' title='bbox 1057 5361 1194 5412; x_wconf 87' lang='lat' dir='ltr'>quousque</span> <span class='ocrx_word' id='word_1_568' title='bbox 1213 5345 1424 5413; x_wconf 75' lang='lat' dir='ltr'>pronominatur</span> <span class='ocrx_word' id='word_1_569' title='bbox 1444 5345 1559 5412; x_wconf 89' lang='lat' dir='ltr'>pecunia</span> <span class='ocrx_word' id='word_1_570' title='bbox 1578 5343 1663 5399; x_wconf 92' lang='lat' dir='ltr'>luerit</span> <span class='ocrx_word' id='word_1_571' title='bbox 1681 5343 1830 5412; x_wconf 89' lang='lat' dir='ltr'>persoluta.</span> <span class='ocrx_word' id='word_1_572' title='bbox 1863 5345 1921 5400; x_wconf 84' lang='lat' dir='ltr'>Nec</span> <span class='ocrx_word' id='word_1_573' title='bbox 1940 5341 2063 5399; x_wconf 84' lang='lat' dir='ltr'>ordinacio</span> 
     </span>
    </p>
   </div>
   <div class='ocr_carea' id='block_1_18' title="bbox 632 5509 2063 5850">
    <p class='ocr_par' dir='ltr' id='par_1_19' title="bbox 632 5509 2063 5850">
     <span class='ocr_line' id='line_1_48' title="bbox 686 5509 2057 5567; baseline -0.004 -11"><span class='ocrx_word' id='word_1_574' title='bbox 686 5515 798 5567; x_wconf 68' lang='grc'><em>011205.-</em></span> <span class='ocrx_word' id='word_1_575' title='bbox 819 5513 1086 5566; x_wconf 72' lang='lat' dir='ltr'>„indestructibiliter‘t</span> <span class='ocrx_word' id='word_1_576' title='bbox 1121 5512 1144 5560; x_wconf 85' lang='lat' dir='ltr'>b)</span> <span class='ocrx_word' id='word_1_577' title='bbox 1167 5512 1237 5555; x_wconf 74' lang='lat' dir='ltr'>ll&#39;urlr</span> <span class='ocrx_word' id='word_1_578' title='bbox 1261 5511 1333 5565; x_wconf 74' lang='grc' dir='ltr'>,1100ί</span> <span class='ocrx_word' id='word_1_579' title='bbox 1356 5513 1434 5554; x_wconf 79' lang='lat' dir='ltr'>istim</span> <span class='ocrx_word' id='word_1_580' title='bbox 1451 5513 1491 5555; x_wconf 90' lang='lat' dir='ltr'>Or.</span> <span class='ocrx_word' id='word_1_581' title='bbox 1507 5509 1606 5566; x_wconf 63' lang='lat' dir='ltr'>,uobtsl</span> <span class='ocrx_word' id='word_1_582' title='bbox 1622 5511 1768 5554; x_wconf 61' lang='lat' dir='ltr'>octodorum.</span> <span class='ocrx_word' id='word_1_583' title='bbox 1804 5511 2057 5566; x_wconf 78' lang='lat' dir='ltr'>a)1285:„quollbar</span> 
     </span>
     <span class='ocr_line' id='line_1_49' title="bbox 632 5583 2063 5639; baseline -0.003 -13"><span class='ocrx_word' id='word_1_584' title='bbox 632 5586 656 5627; x_wconf 84' lang='lat' dir='ltr'>dt</span> <span class='ocrx_word' id='word_1_585' title='bbox 665 5587 737 5627; x_wconf 73' lang='lat'><em>1285:</em></span> <span class='ocrx_word' id='word_1_586' title='bbox 750 5586 862 5639; x_wconf 89' lang='lat' dir='ltr'>„omnino</span> <span class='ocrx_word' id='word_1_587' title='bbox 873 5584 1046 5626; x_wconf 76' lang='lat' dir='ltr'>secludamus“.</span> <span class='ocrx_word' id='word_1_588' title='bbox 1072 5587 1094 5625; x_wconf 84' lang='lat' dir='ltr'>at</span> <span class='ocrx_word' id='word_1_589' title='bbox 1104 5583 1287 5635; x_wconf 66' lang='grc' dir='ltr'>,110000100οι0ίι</span> <span class='ocrx_word' id='word_1_590' title='bbox 1294 5583 1358 5638; x_wconf 71' lang='lat' dir='ltr'>fault</span> <span class='ocrx_word' id='word_1_591' title='bbox 1368 5585 1432 5626; x_wconf 76' lang='lat'><em>1285.</em></span> <span class='ocrx_word' id='word_1_592' title='bbox 1459 5583 1562 5634; x_wconf 72' lang='lat'><em>01285:</em></span> <span class='ocrx_word' id='word_1_593' title='bbox 1575 5583 1702 5635; x_wconf 61' lang='lat' dir='ltr'>..luerlnbx</span> <span class='ocrx_word' id='word_1_594' title='bbox 1725 5585 1750 5636; x_wconf 80' lang='lat' dir='ltr'>g)</span> <span class='ocrx_word' id='word_1_595' title='bbox 1761 5583 1820 5626; x_wconf 74' lang='grc'><em>1285</em></span> <span class='ocrx_word' id='word_1_596' title='bbox 1828 5584 1911 5637; x_wconf 68' lang='lat' dir='ltr'>salpi:</span> <span class='ocrx_word' id='word_1_597' title='bbox 1925 5585 2063 5637; x_wconf 71' lang='grc' dir='ltr'><em>,0101000οκ</em></span> 
     </span>
     <span class='ocr_line' id='line_1_50' title="bbox 633 5654 2063 5710; baseline -0.004 -12"><span class='ocrx_word' id='word_1_598' title='bbox 633 5657 658 5698; x_wconf 83' lang='lat' dir='ltr'>ln</span> <span class='ocrx_word' id='word_1_599' title='bbox 673 5659 747 5698; x_wconf 73' lang='lat' dir='ltr'>resa:</span> <span class='ocrx_word' id='word_1_600' title='bbox 770 5664 946 5710; x_wconf 83' lang='lat' dir='ltr'>„permanera··.</span> <span class='ocrx_word' id='word_1_601' title='bbox 988 5658 1005 5698; x_wconf 87' lang='lat' dir='ltr'>it</span> <span class='ocrx_word' id='word_1_602' title='bbox 1028 5657 1100 5698; x_wconf 70' lang='lat'><em>12⁸5.-</em></span> <span class='ocrx_word' id='word_1_603' title='bbox 1122 5656 1271 5707; x_wconf 83' lang='lat' dir='ltr'>„oriantur‘.</span> <span class='ocrx_word' id='word_1_604' title='bbox 1315 5654 1339 5706; x_wconf 84' lang='lat' dir='ltr'>k)</span> <span class='ocrx_word' id='word_1_605' title='bbox 1361 5657 1436 5698; x_wconf 75' lang='grc'><em>12101.-</em></span> <span class='ocrx_word' id='word_1_606' title='bbox 1457 5655 1606 5704; x_wconf 53' lang='lat' dir='ltr'>..decidente</span> <span class='ocrx_word' id='word_1_607' title='bbox 1646 5654 1665 5696; x_wconf 80' lang='lat' dir='ltr'>lt</span> <span class='ocrx_word' id='word_1_608' title='bbox 1686 5655 1743 5696; x_wconf 73' lang='lat'>12⁸5</span> <span class='ocrx_word' id='word_1_609' title='bbox 1763 5654 1843 5708; x_wconf 74' lang='lat' dir='ltr'>fault:</span> <span class='ocrx_word' id='word_1_610' title='bbox 1867 5657 1920 5708; x_wconf 80' lang='lat' dir='ltr'>„uel</span> <span class='ocrx_word' id='word_1_611' title='bbox 1943 5657 2063 5710; x_wconf 55' lang='lat' dir='ltr'>oppressae.</span> 
     </span>
     <span class='ocr_line' id='line_1_51' title="bbox 633 5725 2062 5782; baseline -0.001 -14"><span class='ocrx_word' id='word_1_612' title='bbox 633 5738 661 5777; x_wconf 52' lang='lat' dir='ltr'>m,</span> <span class='ocrx_word' id='word_1_613' title='bbox 680 5730 755 5770; x_wconf 68' lang='lat'><em>12⁸5:</em></span> <span class='ocrx_word' id='word_1_614' title='bbox 776 5733 854 5779; x_wconf 65' lang='lat' dir='ltr'>„sent</span> <span class='ocrx_word' id='word_1_615' title='bbox 888 5733 914 5779; x_wconf 91' lang='lat' dir='ltr'>n)</span> <span class='ocrx_word' id='word_1_616' title='bbox 930 5729 987 5769; x_wconf 73' lang='grc'><em>1201</em></span> <span class='ocrx_word' id='word_1_617' title='bbox 996 5743 1003 5769; x_wconf 89' lang='grc'>.·</span> <span class='ocrx_word' id='word_1_618' title='bbox 1024 5727 1169 5777; x_wconf 83' lang='lat' dir='ltr'>„dedlnrus“.</span> <span class='ocrx_word' id='word_1_619' title='bbox 1203 5731 1226 5776; x_wconf 91' lang='lat' dir='ltr'>o)</span> <span class='ocrx_word' id='word_1_620' title='bbox 1242 5727 1500 5780; x_wconf 60' lang='lat' dir='ltr'>iebaqlmpetantur‘.</span> <span class='ocrx_word' id='word_1_621' title='bbox 1528 5729 1552 5779; x_wconf 92' lang='lat' dir='ltr'>p)</span> <span class='ocrx_word' id='word_1_622' title='bbox 1567 5727 1640 5769; x_wconf 74' lang='lat'><em>1285:</em></span> <span class='ocrx_word' id='word_1_623' title='bbox 1661 5725 1727 5778; x_wconf 83' lang='lat' dir='ltr'>,.ab“.</span> <span class='ocrx_word' id='word_1_624' title='bbox 1754 5727 1779 5777; x_wconf 87' lang='lat' dir='ltr'>q)</span> <span class='ocrx_word' id='word_1_625' title='bbox 1795 5727 1873 5770; x_wconf 68' lang='lat'><em>1285:</em></span> <span class='ocrx_word' id='word_1_626' title='bbox 1887 5739 1969 5782; x_wconf 83' lang='lat' dir='ltr'>„mora</span> <span class='ocrx_word' id='word_1_627' title='bbox 1981 5727 2062 5771; x_wconf 78' lang='lat' dir='ltr'>liticine</span> 
     </span>
     <span class='ocr_line' id='line_1_52' title="bbox 633 5797 1152 5850; baseline 0 -10"><span class='ocrx_word' id='word_1_628' title='bbox 633 5799 700 5840; x_wconf 90' lang='lat' dir='ltr'>sorio</span> <span class='ocrx_word' id='word_1_629' title='bbox 715 5798 843 5841; x_wconf 83' lang='lat' dir='ltr'>soluturl‘·.</span> <span class='ocrx_word' id='word_1_630' title='bbox 871 5802 891 5848; x_wconf 82' lang='lat' dir='ltr'>r)</span> <span class='ocrx_word' id='word_1_631' title='bbox 908 5801 965 5841; x_wconf 71' lang='grc'><em>1200</em></span> <span class='ocrx_word' id='word_1_632' title='bbox 981 5797 1152 5850; x_wconf 79' lang='lat' dir='ltr'>,huiusmodi“.</span> 
     </span>
    </p>
   </div>
   <div class='ocr_carea' id='block_1_19' title="bbox 0 0 2204 6384">
    <p class='ocr_par' dir='ltr' id='par_1_20' title="bbox 0 0 2204 6384">
     <span class='ocr_line' id='line_1_53' title="bbox 0 0 2204 6384; baseline 0 0"><span class='ocrx_word' id='word_1_633' title='bbox 0 0 2204 6384; x_wconf 95' lang='lat' dir='ltr'> </span> 
     </span>
    </p>
   </div>
  </div>
 </body>
</html>
