4400 6384
403 292 446 356 66
1105 287 1175 341 1242
1193 284 1351 340 November.

403 485 587 553 rectoribus
611 485 793 567 ceterisque
810 483 932 550 Christi
955 483 1104 550 fidelibus
1128 501 1264 566 presens
1287 482 1447 565 scriptum
1469 481 1590 550 visuris
1613 482 1753 549 salutem
1776 481 1810 548 in
1826 483 1972 548 Christo.
2013 484 2070 546 Ad

404 592 559 660 noticiam
576 591 698 658 Christi
720 591 862 658 fidelium
875 591 899 664 l!
919 590 1080 657 credimus
1104 589 1305 672 pervenisse,
1330 591 1415 670 quod
1439 589 1587 656 dominus
1611 609 1700 672 papa
1721 609 1821 672 super
1843 588 2069 655 conversione

405 718 552 766 sororum
563 698 767 782 penitentum
778 697 913 782 gavisus
925 696 1035 764 mulus
1049 695 1229 780 privilegiis
1245 696 1391 763 ordinem
1405 695 1552 778 ipsarum
1569 702 1602 762 et
1618 695 1830 780 indulgentiis
1846 695 2067 767 roborat'rit.

404 807 459 872 Ita
481 812 519 871 nt
542 813 610 872 tam
634 804 768 888 pictatis
791 803 913 871 intuitu
936 823 1033 886 quam
1057 810 1226 870 tantarum
1249 803 1385 869 inductu
1407 802 1685 886 indulgentiarum
1708 805 1751 869 ad
1773 801 1998 884 impendenda
2019 801 2070 867 e‘n

402 912 560 979 karitatis
585 931 685 995 opera
708 912 848 994 populus
871 910 1012 978 fidelium
1036 909 1210 992 excitetur,
1236 929 1308 976 cum
1331 908 1482 993 proprias
1504 907 1685 976 facultates
1708 929 1772 976 non
1790 910 1950 989 habeant,
1975 911 2069 974 unde

402 1018 554 1086 miseram
578 1019 838 1086 vitamvaleant
861 1023 1059 1084 sustentare.
1096 1017 1206 1084 Tener
1223 1015 1501 1100 indulgentiarum
1520 1015 1598 1082 talis
1613 1023 1680 1082 est:
1705 1015 1859 1082 videlicet
1875 1015 2070 1083 cottidiana

403 1125 465 1192 XL
490 1125 614 1191 dierum
637 1123 842 1209 indulgentia
865 1123 1013 1190 omnibus
1037 1143 1149 1191 earum
1179 1121 1447 1190 beneiactoribus
1477 1144 1497 1189 a
1527 1122 1656 1189 domino
1686 1143 1775 1206 papa
1803 1122 2071 1189 misericorditer

402 1232 540 1313 indulta,
572 1232 733 1315 speciales
757 1239 866 1298 autem
890 1237 968 1297 sunt
990 1231 1067 1296 hec:
1099 1230 1133 1296 in
1164 1229 1415 1298 annuntiatione
1445 1237 1560 1296 sancte
1583 1229 1689 1296 Maris
1712 1230 1782 1295 XX
1805 1229 1885 1310 dies,
1915 1229 2002 1295 item
2035 1230 2069 1295 in

404 1339 588 1422 septimana
617 1337 767 1422 paschali
798 1357 912 1419 annus,
943 1337 1021 1404 item
1044 1337 1078 1404 in
1109 1335 1195 1404 festo
1225 1346 1340 1403 sancte
1363 1336 1469 1404 Marie
1492 1337 1689 1421 Magdalenc
1712 1337 1784 1403 XX
1806 1336 1885 1416 dice,
1917 1337 2002 1402 item
2034 1336 2070 1401 in

404 1445 627 1529 assumptione
650 1447 747 1512 beate
771 1445 876 1512 Mario
902 1445 971 1510 XX
993 1443 1073 1524 dies,
1105 1443 1184 1510 item
1213 1443 1247 1509 in
1277 1443 1483 1510 dedicatione.
1509 1450 1640 1510 centum
1670 1443 1749 1525 dies,
1779 1443 1859 1510 item
1887 1443 1922 1509 in
1956 1443 2069 1526 prims

404 1551 566 1619 dominica
598 1551 772 1620 cuiushbet
804 1550 925 1618 mensis
960 1551 1022 1616 XL
1047 1549 1117 1616 dies
1150 1553 1193 1616 ad
1226 1551 1448 1632 comparanda
1481 1550 1605 1632 predia,
1641 1550 1726 1617 sicut
1759 1548 1822 1617 luit
1853 1550 1887 1618 in
1922 1549 2069 1618 concilio

405 1658 598 1742 Maguntino
622 1657 749 1742 publice
774 1656 958 1724 recitatum.
995 1658 1079 1723 Item
1103 1677 1125 1723 a
1147 1656 1276 1724 domino
1291 1657 1423 1738 Ottone,
1449 1657 1628 1739 apostolice
1648 1656 1735 1724 sedis
1750 1658 1870 1742 legato,
1898 1657 1965 1722 XL
1982 1657 2069 1722 dies.

405 1765 460 1848 qui
490 1764 662 1832 adonrino
694 1784 782 1849 papa
812 1769 889 1830 sunt
918 1763 1111 1830 confirmati.
1159 1763 1370 1830 Auctoritate
1399 1763 1503 1847 igitur
1532 1763 1654 1830 domini
1684 1783 1768 1847 pape
1798 1783 1863 1846 qua
1893 1760 2071 1848 inngimm

404 1871 653 1939 universitatem
670 1876 816 1938 vestram
835 1871 1047 1937 exhortamur
1069 1870 1104 1937 in
1119 1869 1258 1952 domino,
1284 1869 1318 1936 in
1343 1869 1566 1938 remissionem
1588 1870 1682 1938 vobis
1707 1870 1931 1953 peccaminum
1956 1869 2071 1936 iniun-

404 1985 530 2062 gentes,
556 1983 718 2060 quatenus
740 1977 864 2044 intuitu
887 1977 940 2044 dei
962 1986 996 2043 et
1012 1979 1053 2044 ob
1070 1976 1192 2044 domini
1207 1995 1292 2060 pape
1307 1977 1527 2044 reverentiam
1543 1978 1675 2044 nuntios
1691 1997 1840 2044 sororum
1855 1977 2070 2059 penitentum

404 2085 725 2166 inFranhenworth
751 2103 823 2150 cum
847 2087 889 2150 ad
912 2103 972 2153 vos
996 2082 1235 2150 declinaverint
1258 2103 1317 2165 pro
1342 2083 1493 2166 petendis
1512 2084 1706 2166 elemosinis,
1731 2084 1908 2169 dignemini
1932 2105 2071 2167 promo

408 2179 495 2274 rere,
521 2191 678 2258 karitatis
702 2191 749 2258 eis
772 2210 873 2273 opera
896 2191 1130 2272 impendentes.
1167 2191 1286 2258 Clerici
1305 2210 1442 2272 quoque.
1466 2189 1544 2274 qui·
1566 2189 1638 2258 vice
1660 2193 1742 2259 Jcsu
1766 2191 1889 2258 Christi
1910 2201 2071 2259 sanctam

405 2305 525 2383 regunt
559 2297 740 2378 ecclesiam,
781 2298 935 2380 populum
970 2317 1062 2364 suurn
1098 2300 1140 2364 ad
1176 2297 1433 2378 compassionem
1467 2297 1689 2378 predictarum
1723 2317 1904 2379 pauperum
1939 2299 2072 2364 Christi

406 2405 600 2487 propensius
638 2405 870 2486 exhortentur,
905 2404 986 2487 ipsis
1024 2404 1191 2486 predictas
1228 2403 1451 2488 indulgentias
1482 2402 1688 2485 publicando.
1735 2405 1816 2470 Cum
1844 2403 1960 2486 itaque
1991 2405 2072 2486 ipsa

406 2511 594 2578 auctentica
624 2514 667 2578 ad
698 2509 829 2596 singola
857 2512 930 2578 loca
961 2514 1126 2577 commode
1156 2508 1280 2577 deferri
1306 2530 1370 2576 non
1393 2509 1531 2592 possint,
1562 2509 1596 2575 in
1626 2509 1730 2591 ipsius
1759 2509 1809 2577 rei
1838 2511 2070 2578 testimonium

406 2617 552 2700 presenti
576 2618 699 2701 scripto
724 2618 833 2702 sigilla
862 2625 977 2684 nostra
1001 2617 1152 2684 duximus
1176 2619 1381 2698 apponenda.
1428 2617 1587 2683 Omnibus
1616 2635 1743 2698 quoque
1767 2615 1890 2683 Christi
1911 2618 2071 2684 fidelihus

405 2725 551 2807 ipsarum
591 2722 859 2792 benefactoribus
894 2723 1094 2791 auctoritate
1130 2743 1195 2806 qua
1229 2721 1396 2808 fungimur
1431 2723 1686 2791 communionem
1719 2723 1904 2791 orationum
1938 2725 2071 2792 ordini<

406 2851 479 2898 curn
510 2831 714 2915 indulgentia
747 2831 834 2898 sedis
865 2830 1045 2913 apostolice
1078 2830 1294 2897 concedimus.
1351 2830 1397 2896 Et
1429 2838 1466 2896 ut
1499 2849 1558 2911 pro
1590 2829 1654 2896 hiis
1686 2837 1721 2895 et
1753 2829 1826 2898 aliis
1858 2830 1966 2910 bunia,
2003 2853 2070 2913 que

407 2937 535 3004 domino
560 2944 724 3004 annuente
749 2936 898 3018 iecerint,
924 2941 1104 3005 mercedem
1128 2937 1162 3004 in
1186 2936 1265 3002 celis
1288 2945 1533 3018 consequantur
1547 2946 1705 3004 eternam.
1740 2939 1863 3004 Datum
1879 2939 2069 3022 Magantia.

407 3064 493 3110 anno
518 3043 639 3111 domini
657 3024 701 3110 hi.
727 3027 787 3111 Cli.
816 3027 936 3126 XLIl„
962 3051 1080 3126 quarto
1104 3063 1209 3110 nonas
1233 3043 1414 3130 octobish).

623 3213 669 3268 Or.
684 3214 771 3284 Ppmt.
792 3215 840 3268 mit
859 3213 1063 3268 Brrcclrelrlckcn
1082 3211 1131 3265 der
1148 3211 1266 3282 3Sr'cpel
1284 3213 1369 3280 (roth)
1389 3229 1427 3266 on
1446 3213 1716 3282 rothrodus-gratum
1735 3212 1882 3268 Scbadrcn.
1914 3212 1956 3268 St.
1967 3217 2003 3267 A.
2015 3215 2069 3268 fr.

678 3301 974 3368 Weisasroocnlcloetcr.
1012 3301 1207 3368 Ablussbriefc,
1226 3300 1305 3354 Lade
1318 3304 1359 3367 13,
1384 3300 1437 3354 No.
1451 3308 1475 3356 1.

621 3391 721 3446 Greia:
738 3391 783 3459 B.,
802 3395 835 3446 71
855 3390 1003 3446 rachelem
1023 3389 1069 3444 Or.
1095 3431 1099 3442 .

624 3479 716 3534 Vera:
736 3479 788 3532 Fr.
802 3477 904 3546 Mittit,
928 3477 976 3542 VI,
996 3481 1055 3532 315.
1097 3477 1221 3544 Thomas,
1242 3477 1291 3530 Fr.
1308 3479 1399 3544 ΔνσΙιὟ
1419 3478 1462 3547 ll,
1481 3483 1540 3532 104.

407 3934 499 4010 131.
524 3944 716 4008 Srlrrclthriss
749 3942 928 4016 Eberhard,
964 3943 1014 4004 dic
1047 3942 1193 4023 Sulciiffcn
1227 3943 1293 4006 rrrrrl
1329 3942 1456 4024 Biirprr
1489 3965 1529 4006 zu
1564 3943 1747 4024 Fructificet
1782 3945 1942 4008 belumdeu
1981 3951 2069 4009 eirea

528 4050 690 4134 Vcrplcirlr
713 4051 767 4114 ries
791 4049 940 4114 Klostcrs
965 4050 1136 4132 strasburg
1161 4053 1215 4113 orit
1240 4049 1364 4113 Arrrohl
1393 4071 1450 4112 runc
1476 4049 1635 4114 llosslrorh
1669 4051 1744 4114 iilu’r
1772 4057 1929 4134 ponsrode
1954 4056 2068 4117 (litter.

525 4163 614 4222 1242
635 4157 817 4222 Nocerrrber.

516 4298 783 4365 ··Eberhardus
808 4297 976 4375 scultetus,
1002 4297 1129 4363 scabini
1153 4317 1192 4363 ac
1215 4297 1360 4363 universi
1384 4297 1472 4363 eires
1495 4297 1529 4362 in
1553 4294 1789 4363 Frankeniort.
1837 4297 1971 4364 'l'enore
1995 4321 2069 4382 pre

408 4405 551 4473 sancium
575 4403 837 4488 protesilaum,
863 4407 948 4486 quod
973 4424 1044 4470 cum
1061 4404 1227 4470 arnoldus
1250 4406 1290 4470 de
1307 4401 1463 4470 Roshacb
1487 4403 1728 4470 matrimonium
1752 4403 1978 4471 contraxisset
1996 4427 2067 4472 curn

407 4512 576 4594 adelredi,
611 4531 708 4594 quam
738 4532 823 4577 nunc
854 4513 964 4592 habet,
999 4530 1098 4592 super
1121 4511 1225 4590 bonis,
1260 4531 1321 4592 que
1355 4530 1426 4576 cunr
1452 4510 1671 4593 l'rrnengardi
1703 4510 1805 4592 priori
1836 4511 1975 4578 muliere
2009 4533 2067 4578 sus

408 4619 594 4686 contulerat
618 4619 755 4685 eclesie⁰
771 4619 804 4684 ln
819 4619 1018 4698 Arncsbure,
1044 4617 1158 4683 taliter
1181 4615 1275 4688 iuilit
1298 4617 1331 4684 irr
1356 4618 1527 4700 presencia
1545 4623 1660 4683 nostra
1676 4613 1896 4697 ordinatum‚‘¹
1910 4618 2067 4685 videlicet

407 4733 444 4794 ut
467 4727 608 4794 eclesia⁰
634 4725 724 4792 dicta
747 4734 820 4793 octo
844 4725 960 4808 iugera
984 4744 1056 4791 cum
1080 4727 1221 4806 quadam
1245 4724 1330 4791 curti
1354 4725 1420 4790 sita
1435 4724 1468 4790 in
1484 4721 1634 4790 inferiori
1650 4723 1783 4789 Rosbac
1798 4726 1946 4790 ammodo
1963 4724 2067 4790 libere

408 4833 576 4916 possideat
591 4840 626 4898 ct
642 4832 759 4913 quiete.
796 4833 914 4898 Testes
931 4830 1026 4897 huius
1043 4839 1135 4896 sunt:
1153 4831 1261 4896 dictus
1280 4831 1449 4912 scultetus,
1467 4832 1636 4896 ‚lohannes
1653 4830 1821 4911 (lroltten,e
1837 4830 2066 4897 Baldemarns.

407 4939 560 5023 Wigerus
590 4942 631 5005 de
662 4939 829 5020 Ovcnbac,
861 4939 1032 5004 Cunradus
1062 4941 1103 5004 de
1134 4938 1343 5018 Gisenhem,⁰
1378 4937 1555 5003 Betdoldus
1586 4939 1626 5002 de
1656 4937 1895 5020 Heldebergen.
1943 4939 2067 5004 Actum

408 5066 494 5114 anno
519 5045 640 5113 domini
658 5025 701 5112 lii.
728 5026 809 5112 CC!
832 5045 951 5126 XLII„
976 5065 1086 5111 mense
1111 5045 1301 5111 novenbri⁰

626 5213 672 5269 Or.
690 5213 774 5284 qut.
795 5213 844 5267 mit
862 5213 1065 5284 obtergendam
1084 5215 1196 5267 alcestes
1215 5213 1383 5283 Stadtsicycl.
1422 5213 1497 5266 [Aeli.

624 5303 723 5357 Gedr:
740 5303 840 5358 Arrrsb.
860 5302 950 5370 Urbe,
968 5304 1011 5354 22.

627 5393 720 5447 Vera:
740 5391 845 5460 Scribo,
865 5392 883 5444 Ι
888 5390 948 5460 V2‚
968 5390 1018 5446 Νο.
1033 5395 1102 5446 3361
1121 5409 1157 5445 aa
1174 5391 1245 5445 Joni
1262 5395 1287 5446 6.

673 5679 698 5728 ι)
717 5675 792 5719 Ueber
807 5675 850 5718 der
865 5674 938 5718 Zelle.
967 5675 990 5724 b)
1005 5673 1097 5717 Hinter
1112 5674 1166 5716 dem
1182 5673 1276 5717 Numer
1291 5674 1349 5716 sind
1362 5674 1402 5716 die
1417 5673 1496 5718 Worte
1511 5674 1625 5725 „colonus
1639 5679 1737 5717 rroeter¹
1759 5673 1837 5716 durch
1854 5673 1953 5718 Puera
1972 5675 2066 5728 petitas.

621 5753 643 5800 e)
658 5746 706 5792 So!
731 5746 755 5797 d)
770 5745 907 5790 Verborum
920 5759 965 5790 ouo
979 5749 1040 5800 „tat
1069 5753 1091 5796 ο)
1107 5744 1303 5790 Verbessertous
1318 5744 1410 5800 „belwt
1438 5745 1563 5796 iridem.
