4400 6384
689 317 758 371 1301
778 315 895 371 October
913 316 948 370 29
967 347 1001 356 —
1022 316 1090 371 1301
1110 315 1258 370 December
1277 317 1301 370 7.
1756 317 1821 382 399

165 517 309 580 stunden
340 534 401 581 vor
423 533 504 579 unsz
528 516 594 579 und
618 512 826 580 verkaufften
850 511 909 577 mit
932 512 1070 595 glichcm
1093 512 1204 578 willon
1228 512 1427 578 rechtliohen
1452 516 1515 577 und
1541 512 1724 578 redelichen
1750 515 1822 577 dem

162 621 266 686 wisen
281 633 399 686 manne
415 622 513 686 herrn
531 619 666 701 Phiiips
692 639 806 702 perrer
822 638 863 684 zu
878 618 1097 701 Kungistcyn,
1123 639 1186 700 eyn
1202 621 1316 684 marck
1332 618 1484 684 kolscher
1502 618 1650 701 pennige,
1667 618 1821 700 jarliches

161 725 280 808 zinses,
305 725 350 791 uff
378 726 459 792 irme
489 728 580 807 huse,
605 726 743 791 darinne
774 745 832 808 sye
862 745 989 805 waren,
1015 727 1081 790 und
1113 725 1158 790 ud
1187 728 1288 806 deme,
1315 729 1375 790 daz
1400 730 1503 792 darzu
1526 727 1671 808 gehoret.
1720 725 1821 790 Disen

160 833 232 898 zins
262 832 379 904 sollent
405 836 463 898 der
485 841 713 915 vorgenanten
739 833 902 912 Francke,
929 852 989 915 syn
1014 831 1223 898 huszirauwe
1248 836 1312 898 und
1338 853 1399 915 syn
1424 833 1516 898 erbin
1540 831 1735 898 eweoliohen
1759 830 1821 896 alle

157 939 213 1020 jar
236 941 342 1022 geben
365 942 438 1004 dem
461 945 689 1021 vorgenanten
711 939 793 1004 hern
810 939 953 1020 Philipse
977 938 1022 1004 uff
1041 941 1114 1004 dem
1131 938 1279 1022 oristdag
1299 959 1363 1006 von
1381 943 1471 1005 deme
1488 945 1715 1023 rorgenauten
1729 939 1820 1018 huse,

161 1048 228 1111 und
255 1047 337 1112 hant
360 1044 509 1111 derselbe
533 1045 687 1110 Francke
710 1048 776 1112 und
801 1065 862 1128 syn
885 1043 1095 1113 huszfrauwo
1119 1065 1284 1129 verzngen
1308 1049 1373 1111 und
1398 1045 1589 1129 uffgegeben
1613 1046 1693 1112 alles
1718 1045 1820 1125 recht,

161 1155 222 1218 das
241 1172 285 1235 sy
309 1152 344 1217 in
367 1155 425 1218 der
448 1153 562 1217 marck
583 1151 719 1234 jerlichs
742 1151 849 1217 zinses
873 1153 998 1218 hatten.
1040 1153 1133 1218 Onch
1156 1154 1222 1218 han
1245 1173 1283 1236 sy
1306 1152 1427 1236 gelobt,
1453 1156 1526 1218 dem
1546 1153 1640 1218 dicke
1657 1157 1821 1235 genanten

161 1260 243 1324 bern
259 1257 364 1339 Philip
388 1259 510 1340 rechte‚
537 1258 706 1341 schuldige
729 1261 795 1324 und
820 1259 1048 1343 gewo(n)liche
1072 1279 1228 1342 werunge
1252 1279 1293 1324 zu
1317 1263 1402 1325 dune
1426 1280 1490 1326 von
1507 1262 1598 1325 deme
1615 1259 1714 1324 zinse.
1755 1259 1822 1323 Des

161 1364 230 1430 sint
260 1385 384 1448 gezuge
416 1366 524 1450 etuti).
572 1366 621 1430 Zu
652 1364 739 1430 dises
770 1364 884 1448 dinges
915 1364 1106 1448 gezucnisse
1136 1369 1203 1431 und
1233 1367 1379 1450 stediger
1411 1366 1567 1434 vestikeit
1590 1367 1655 1431 han
1679 1365 1740 1432 wir
1765 1368 1822 1430 der

161 1471 338 1538 schultisse
367 1474 434 1537 und
464 1471 516 1536 die
548 1470 692 1537 scheffen
723 1480 909 1554 vorgenant
940 1473 1042 1538 durch
1072 1461 1154 1538 bede
1178 1473 1287 1539 willen
1310 1475 1434 1557 beyder
1458 1473 1588 1556 portien
1611 1492 1710 1538 unser
1730 1475 1822 1538 stede

161 1577 323 1661 ingesigel
353 1599 396 1643 an
426 1577 518 1644 disen
548 1576 643 1643 brieff
665 1578 847 1661 gehangen.
895 1579 964 1644 Der
987 1578 1126 1661 gegebin
1151 1585 1237 1645 wart
1260 1581 1346 1645 nach
1370 1583 1471 1663 godes
1495 1581 1633 1662 geburte
1658 1579 1821 1644 druzehen

159 1685 305 1749 hundert
324 1684 380 1767 jar
401 1686 468 1749 und
492 1704 555 1768 eyn
575 1683 639 1766 jar,
665 1686 722 1749 des
747 1687 872 1750 andern
896 1687 998 1768 dages
1022 1687 1107 1750 nach
1132 1692 1246 1751 sancte
1271 1685 1439 1768 Remigius
1464 1689 1539 1770 dag.

376 1825 511 1879 Deutsobe
540 1813 722 1896 chroetruap
751 1826 797 1879 des
830 1831 872 1881 15.
894 1826 1097 1880 Jaurauaderrs
1122 1827 1160 1880 c'm
1186 1827 1394 1882 Falkonsteiner
1427 1828 1540 1896 Kopinr
1573 1827 1592 1891 f.
1617 1831 1676 1880 173.
1727 1825 1821 1880 Kreis-

431 1916 525 1969 archiv
543 1915 706 1984 Wdrrburp.
744 1915 859 1985 cheat:
876 1914 972 1982 Scan,
991 1914 1034 1981 1³,
1054 1920 1096 1970 50.

161 2209 255 2286 793.
277 2219 388 2304 Koatp
406 2220 553 2284 Albrerbt
569 2221 684 2284 erldsst
698 2220 757 2283 dero
773 2220 903 2285 Stiidtcrr
920 2219 1113 2300 Frurrlrsurt,
1130 2218 1306 2304 Friodbcrp
1324 2221 1389 2284 arrd
1408 2221 1543 2285 Wcirlur
1562 2221 1643 2285 raucit
1654 2220 1822 2304 Erupfurrp

279 2329 363 2390 einer
385 2329 539 2411 perodsserr
561 2327 688 2390 Strumae
710 2327 761 2390 die
785 2326 934 2410 Zohltrrrp
950 2327 1006 2390 der
1021 2326 1241 2390 Rcirdssteuer
1266 2328 1313 2390 bis
1336 2350 1409 2390 earm
1432 2329 1581 2392 rrdcbatcoc
1605 2327 1824 2391 Wcibrroobtcrr

278 2434 345 2497 aad
368 2455 427 2498 oon
450 2434 494 2498 du
517 2455 561 2497 uro
583 2433 647 2515 corf
670 2437 788 2497 credere
811 2433 880 2496 drcc'
902 2432 1014 2497 Jadre.
1061 2431 1256 2514 Fr‘orricsrrrd
1284 2439 1368 2497 1301
1397 2435 1525 2502 October·
1548 2439 1601 2497 29.

270 2575 338 2640 Nos
368 2575 526 2640 Albertus
556 2573 609 2639 dei
638 2573 749 2657 gratia
779 2574 1002 2639 Romanorum
1031 2594 1099 2654 rer,
1132 2593 1260 2654 semper
1292 2583 1461 2658 augustus.
1514 2577 1565 2641 Ad
1596 2575 1823 2642 universorum

161 2680 318 2747 noticiam
348 2681 497 2748 volumus
527 2679 739 2763 perveiinire,
765 2683 851 2761 quod
881 2678 1054 2746 fructuosa
1084 2687 1118 2745 et
1150 2680 1244 2746 utilia
1276 2681 1417 2748 servicia
1447 2679 1507 2764 pe'r
1531 2685 1710 2764 prudentes
1733 2683 1823 2748 viros

162 2791 202 2853 de
226 2785 466 2868 Frankenfurt,
490 2787 674 2870 Frideberg
697 2794 731 2852 et
748 2787 920 2852 Wetflaria
939 2786 963 2858 d
982 2788 1131 2853 consules
1162 2794 1195 2853 et
1227 2788 1314 2854 cives
1343 2789 1436 2854 nobis
1460 2796 1494 2854 et
1516 2789 1652 2871 imperio
1677 2789 1823 2855 exhibita

162 2901 197 2959 et
218 2894 369 2975 impensa
392 2900 426 2959 et
449 2893 598 2977 gratiora
621 2913 680 2975 per
702 2893 792 2975 ipsos
816 2893 1000 2959 exhibenda
1022 2893 1159 2959 inantea
1183 2915 1240 2975 pre
1259 2895 1283 2968 11
1303 2895 1404 2961 oculis
1429 2896 1627 2962 collocantes
1652 2916 1691 2961 ac
1715 2902 1823 2961 atten-

162 3003 280 3066 dentes
304 2999 433 3066 labores
456 3000 653 3080 innumeros
678 3019 759 3081 quos
781 2999 879 3065 iidem
903 3007 981 3066 sunt
1005 3020 1063 3081 pro
1087 3001 1181 3066 nobis
1204 3003 1265 3066 hoc
1286 3021 1370 3067 anno
1388 3003 1545 3084 perpessi,
1570 3003 1661 3085 ipsis,
1685 3009 1823 3084 accepta

162 3109 205 3173 ab
230 3108 278 3172 eis
302 3109 443 3188 quadam
466 3126 601 3172 summa·
615 3107 761 3188 pecunie,
788 3126 860 3172 eam
875 3107 1022 3189 graciam
1039 3106 1190 3172 duximus
1206 3105 1400 3188 faciendam,
1426 3111 1510 3189 quod
1528 3129 1655 3174 exnunc
1672 3115 1823 3189 eiusque

163 3216 204 3278 ad
229 3211 353 3279 festum
375 3211 564 3279 nativitatis
588 3212 708 3278 domini
731 3213 912 3294 proximum
936 3220 970 3278 et
993 3212 1115 3278 abinde
1139 3215 1180 3278 ad
1204 3220 1272 3279 tres
1293 3234 1396 3280 anuos
1413 3214 1627 3281 immediate⁸
1648 3223 1822 3297 sequentes

163 3322 204 3386 ab
230 3319 318 3386 omni
341 3315 435 3385 stura
459 3326 492 3384 et
515 3319 687 3384 exactione
710 3320 854 3385 debeant
878 3338 950 3384 esse
973 3317 1069 3384 liberi
1085 3324 1119 3383 et
1135 3318 1243 3401 soluti,
1270 3322 1387 3386 dantes
1404 3320 1451 3386 eis
1467 3321 1527 3387 has
1544 3328 1676 3387 nostras
1692 3321 1823 3388 litteras

163 3426 198 3491 in
222 3424 445 3491 testimonium
467 3445 566 3523 supep
589 3445 665 3530 eoo
686 3426 809 3490 Datum
831 3424 865 3490 in
881 3423 1119 3506 Frankenfurt,
1146 3445 1231 3492 anno
1256 3426 1376 3492 domini
1399 3427 1568 3494 millesimo
1593 3427 1822 3493 trecentesimo

162 3531 277 3614 primo,
302 3530 481 3597 indictione
499 3531 583 3613 XV,
615 3532 696 3596 ΙΙΠ.
721 3532 883 3597 kalendas
907 3531 1102 3612 novembris
1128 3532 1222 3615 regni
1247 3553 1323 3598 vero
1349 3533 1454 3599 nostri
1477 3554 1562 3600 anno
1587 3541 1714 3615 quarto.

381 3673 426 3727 Or.
441 3674 528 3743 Ppmt.
541 3673 591 3727 mit
610 3674 815 3746 aultdnpcodem
834 3673 928 3744 diepa.
967 3673 1198 3727 sumerentur.
1219 3705 1251 3711 —
1273 3674 1430 3738 Grotcfcnd.

383 3762 483 3816 Geir:
500 3763 545 3830 B,
563 3763 645 3831 Arta,
663 3766 726 3826 406,
746 3764 816 3817 roobl
833 3764 904 3817 nucb
922 3763 1059 3816 derselbcn
1074 3762 1196 3832 Vorlapc.

388 3851 480 3905 Vera:
498 3852 543 3919 B„
563 3852 630 3921 Rep.
644 3852 715 3918 Alo,
735 3852 789 3905 No.
802 3855 864 3906 357.

163 4144 256 4220 794.
280 4155 384 4218 Rurer
406 4153 529 4236 Krofto
555 4176 612 4219 oon
634 4154 848 4235 Greiforrstor'rc
874 4158 1034 4221 rerricbtrd
1056 4159 1120 4239 (perf
1141 4160 1201 4222 ulio
1217 4158 1405 4240 Arrsprir'cbc
1431 4181 1534 4242 tropea
1557 4159 1613 4222 dor
1630 4159 1823 4244 Zersddrrurp

279 4262 336 4325 der
359 4261 455 4345 Bury
481 4262 695 4342 Greifcnsieirt
717 4262 819 4326 (iareb
841 4263 891 4326 dic
915 4266 979 4326 rior
1003 4265 1290 4330 turritan-Studio.
1339 4266 1657 4332 recrucianda.

270 4405 339 4468 Nos
357 4457 362 4468 .
383 4455 388 4468 .
408 4401 523 4469 Craito
548 4405 586 4468 de
612 4400 835 4469 Grifensteine
859 4403 960 4469 miles.
1008 4406 1129 4470 Notum
1153 4403 1292 4471 facimus
1316 4406 1517 4487 presentium
1541 4405 1783 4487 inspectoribus
1797 4405 1822 4478 11

162 4509 340 4591 universis,
373 4512 459 4590 quod
490 4529 589 4591 super
619 4508 842 4574 destructione
873 4511 977 4575 castri
1007 4511 1114 4576 nostri
1145 4515 1184 4578 de
1216 4511 1434 4594 Grifenstein,
1467 4533 1562 4593 quam
1594 4512 1824 4578 corn-miserunt

162 4617 321 4684 civitates
345 4619 384 4682 de
407 4614 670 4697 Frankeniorde‚
696 4616 948 4699 deVredeberg,
974 4618 1244 4704 deWetfloria(!)
1268 4627 1301 4684 et
1325 4622 1365 4685 de
1382 4621 1642 4702 Geylenhousen,
1669 4626 1702 4684 et
1726 4639 1824 4700 super

162 4724 289 4789 eisdem
319 4722 511 4790 civitatibus
541 4722 771 4788 renunciamus
802 4722 889 4787 omni
919 4723 1041 4789 actioni
1072 4722 1161 4790 facte
1192 4745 1232 4790 ex
1264 4732 1358 4806 parte
1387 4725 1491 4790 incliti
1516 4724 1637 4792 domini
1661 4727 1823 4805 quondam

160 4830 287 4908 Adulfiq
310 4831 532 4896 Romanorum
561 4829 660 4912 regis.
709 4830 832 4895 Datum
862 4849 947 4895 anno
979 4830 1102 4896 domini
1126 4832 1166 4895 rit.
1190 4826 1251 4897 odo.
1274 4831 1387 4913 primo,
1412 4831 1446 4896 in
1477 4831 1621 4898 crastino
1652 4833 1823 4896 beatorum

165 4937 319 5021 Symonis
343 4942 376 5002 et
399 4936 481 5001 Iude
504 4936 737 5018 apostolorum.

381 5078 427 5133 Or.
442 5079 529 5149 Ppmr.
544 5078 594 5132 ruit
612 5078 819 5147 unbdrrpendem
837 5078 933 5148 Sirpel.
971 5079 1257 5134 8111111111.-
1279 5079 1436 5145 Grotescnd.

379 5168 479 5222 (Μὶν..-
497 5167 616 5236 Brimo,
634 5167 678 5235 II,
698 5172 722 5234 6,
741 5169 812 5222 nach
831 5168 890 5221 dem
912 5168 957 5222 Or.
978 5209 984 5221 .

159 5465 256 5544 795.
279 5473 349 5538 Dor
371 5474 501 5538 Richter
523 5473 662 5540 Kourud
685 5475 752 5538 aad
775 5474 869 5538 Frou
894 5474 1055 5552 dedecuere,
1080 5475 1158 5538 (iuss
1182 5477 1227 5538 sie
1250 5495 1293 5538 cro
1316 5473 1441 5537 Arnold
1466 5493 1522 5536 oon
1542 5472 1712 5555 Glauca-ry
1736 5475 1823 5534 cinere

273 5582 456 5663 jdbrir'cberr
478 5581 621 5646 Erbrr‘rrs
644 5581 708 5663 aas
728 5583 828 5646 dorem
850 5581 964 5645 Housc
987 5580 1134 5661 uerlrorrft
1156 5581 1266 5644 bobert.
1315 5585 1401 5643 1301
1425 5578 1595 5643 Dec-errrbcr
1623 5583 1650 5642 7.

430 5775 455 5819 ab
469 5771 576 5816 arum
589 5771 642 5815 lae:
655 5771 820 5826 ,mediatos
