4400 6384
345 315 410 380 282
1044 309 1304 378 neormam.

464 509 590 575 Voraus
619 509 805 573 cocurrellcn
835 511 976 574 weitcren
999 507 1239 573 Besiiawechsel
1265 509 1422 577 awiscbcn
1450 509 1614 574 derraelben
1638 505 1822 573 Personen.¹
1866 507 1998 588 Erfuri,

461 621 548 682 1290
572 613 702 700 August
725 620 777 679 31.

452 759 519 824 Nos
549 755 713 823 Rudolfus
743 755 796 823 dei
825 756 936 840 gratia
966 757 1196 823 Romanorum.
1217 775 1287 838 rex,
1319 776 1447 838 semper
1478 763 1649 840 augustus.
1697 757 1749 822 Ad
1772 755 2001 822 universorum

346 864 434 931 sacri
463 863 604 930 Romani
633 863 762 946 imperii
789 863 932 929 fidelium
949 862 974 937 ll
993 863 1149 930 noticiam
1180 862 1327 946 cupimus
1357 863 1540 946 pervenire,
1566 865 1651 944 quod
1675 882 1748 929 cum
1771 869 1927 928 strenuus
1949 862 2001 928 vir

345 971 531 1052 Heinricus,
553 971 714 1036 scultetus
745 973 907 1051 quondam
936 969 971 1036 in
1000 967 1238 1052 Franlranfort,
1267 970 1374 1037 fidelis
1404 977 1518 1037 noster
1540 970 1689 1050 dilectus
1714 969 1956 1052 comparaverit
1974 969 1999 1042 ll

345 1097 427 1162 erga
450 1080 644 1160 prudentem
667 1075 774 1144 virum
798 1075 993 1143 Ribbertum
1016 1076 1051 1142 in
1074 1077 1331 1158 Sazseubusen,⁸
1350 1077 1450 1143 filium
1475 1081 1638 1159 quondam
1654 1076 1807 1157 Cimrodi,
1831 1075 2000 1142 duodecim

344 1184 488 1250 iurnalia
511 1203 676 1269 agrorum,
701 1203 764 1264 que
788 1183 909 1266 partim
932 1186 975 1250 ad
999 1184 1106 1266 ipsum
1123 1183 1149 1257 ll
1166 1184 1352 1266 scultetum,
1384 1191 1417 1251 et
1444 1184 1566 1267 partim
1590 1188 1633 1250 ad
1657 1203 1750 1250 suum
1775 1180 2000 1250 avunculuml

345 1289 535 1357 Heinrioum
565 1290 749 1374 pertinent,
781 1295 815 1356 et
838 1309 909 1356 cum
934 1289 1041 1356 dictus
1065 1292 1227 1357 scultetus
1250 1311 1332 1374 erga
1354 1290 1477 1357 dictum
1494 1291 1689 1358 Ribbertum
1712 1291 1812 1358 etiam
1831 1310 2000 1373 compara

345 1397 432 1466 verit
464 1402 545 1480 aput
575 1397 771 1463 Hoheuraht
801 1415 945 1464 marcam
976 1397 1217 1464 coloniensium
1248 1397 1467 1480 denariorum,
1503 1405 1656 1466 octavam
1688 1397 1752 1464 olei
1781 1405 1815 1463 et
1844 1396 1999 1463 tredecim

346 1505 462 1588 pullos,
494 1524 556 1586 que
587 1503 695 1571 omnia
719 1505 870 1586 predicta
892 1525 913 1570 a
936 1505 1029 1571 nobis
1054 1511 1087 1571 et
1110 1505 1246 1588 imperio
1270 1507 1407 1572 tenebat
1429 1505 1463 1571 iu
1486 1503 1628 1586 feodum,
1652 1505 1802 1586 idemque
1820 1504 2000 1571 Ribbertus

346 1611 455 1679 omnia
478 1611 628 1694 predicta
650 1610 872 1695 resignaverit
891 1611 924 1677 in
940 1631 1056 1678 manus
1072 1618 1215 1693 nostraS,
1239 1632 1300 1678 nos
1315 1612 1438 1678 dictam
1453 1611 1678 1680 vendicionem
1693 1612 1855 1678 habentes
1870 1616 2000 1694 gratam

346 1725 380 1785 et
403 1725 521 1800 ratam,
546 1717 697 1801 predicta
720 1737 741 1784 a
764 1717 857 1784 nobis
881 1725 917 1784 et
938 1717 1074 1800 imperio
1098 1722 1242 1785 tenenda
1266 1719 1353 1786 dicto
1377 1718 1518 1784 sculteto
1542 1724 1576 1785 et
1600 1717 1668 1784 suis
1690 1718 1867 1785 heredibus
1885 1737 2000 1783 conce·

347 1825 452 1891 dimus
476 1832 635 1909 perpetuo
659 1823 867 1908 possidenda.
909 1826 1077 1908 Preterea,
1103 1825 1131 1891 si
1154 1825 1263 1892 dictus
1285 1825 1462 1892 Heinricus
1485 1826 1647 1891 scultetus
1670 1845 1752 1908 erga
1774 1825 1898 1890 dictum
1921 1824 2000 1890 Rib-

345 1932 474 1999 bertum
504 1932 600 2015 plura
632 1934 727 2014 bona,
759 1950 822 2012 que
846 1951 867 1998 a
890 1931 984 1998 nobis
1007 1939 1041 1998 et
1063 1932 1200 2014 imperio
1224 1938 1389 2012 tenentur,
1421 1931 1664 2015 comparaverit
1693 1931 1727 1997 iu
1757 1929 1917 2010 futurum,
1940 1929 2001 1996 tali

346 2038 532 2107 vendicioni
563 2057 620 2105 seu
651 2037 839 2105 contractui
867 2044 1015 2105 nostrum
1047 2058 1241 2105 consensum
1264 2039 1447 2122 plenarium
1470 2038 1671 2120 adhibemus
1702 2045 1741 2104 ut
1762 2037 1830 2119 illa,
1858 2037 1945 2104 sicut
1967 2043 2001 2103 et

346 2144 422 2226 alia,
448 2145 554 2212 dictus
578 2145 739 2212 scultetus
763 2150 796 2210 et
820 2144 870 2211 sui
892 2145 1031 2212 heredes
1055 2165 1075 2212 a
1099 2146 1194 2211 nobis
1217 2153 1251 2213 et
1273 2146 1409 2229 imperio
1433 2152 1570 2212 teneant
1593 2152 1626 2211 et
1651 2145 1843 2228 possideant
1866 2143 2000 2227 pacifice

347 2258 381 2318 et
411 2252 530 2334 quiete.
578 2252 700 2318 Datum
730 2249 895 2332 Erfordie,
927 2249 1031 2334 pridie
1061 2253 1223 2319 kalendas
1252 2253 1458 2336 septembris.
1515 2253 1699 2319 Indictione
1734 2252 1848 2318 tercia.
1903 2253 2000 2318 Anno

349 2357 471 2424 domini
500 2360 541 2424 rir.
563 2353 605 2426 c‘c.
627 2337 793 2425 lxxxiv.
812 2359 921 2441 Regni
944 2378 1022 2426 vero
1047 2359 1153 2427 nostri
1176 2380 1262 2426 anno
1288 2341 1399 2426 XVI⁰I.

562 2500 608 2555 Or.
622 2500 710 2571 Ppmt.
724 2499 773 2554 mit
792 2499 987 2568 beacbddiptem
1005 2499 1237 2572 Majotcosiepd
1254 2519 1293 2557 an
1304 2503 1486 2574 rolli-prdem
1497 2502 1603 2556 Fiden.
1632 2501 1671 2557 st.
1683 2502 1717 2554 A.
1729 2501 1789 2568 Fr,
1798 2499 2002 2554 Franlrenstein

617 2589 682 2644 Uri.
698 2589 785 2644 No.7.

561 2677 662 2732 Geir:
679 2679 723 2744 B,
741 2681 794 2732 251
813 2678 883 2732 nach
902 2677 961 2732 dero
982 2678 1027 2732 Or.
1049 2719 1054 2732 .

566 2766 661 2821 Vera:
679 2767 763 2822 rc-R.
777 2768 831 2821 No.
844 2770 924 2822 2364.

347 2997 439 3073 582.
463 3007 635 3086 Christian,
672 3007 813 3090 Bisclros
844 3029 904 3072 ooo
935 3009 1100 3088 Samlund,
1134 3011 1261 3075 verleilrt
1292 3013 1353 3076 den
1386 3011 1570 3076 Besrrrirrn
1604 3013 1671 3075 und
1700 3012 1911 3076 Wobltbdtern
1945 3011 2007 3073 der

461 3113 792 3184 Kormcliier-Kircbe
813 3138 855 3179 au
870 3115 905 3179 F
903 3116 1065 3197 renisuri,
1089 3119 1242 3183 euclidem
1264 3141 1298 3184 er
1320 3121 1392 3184 dori
1413 3120 1474 3184 den
1491 3119 1585 3199 (ibor,
1608 3122 1686 3184 riori
1701 3119 1814 3184 Alidre
1835 3118 1902 3182 ond
1924 3121 2007 3181 aucei

462 3220 642 3305 Kirclrbo‘fe
664 3222 794 3306 peweilrl
816 3223 880 3301 hat,
905 3226 994 3288 einen
1017 3227 1265 3309 oierar'ptdpipen
1287 3225 1417 3291 Abloss.
1466 3232 1553 3291 1290
1577 3227 1707 3310 Auprvst
1729 3231 1782 3290 31.

454 3363 576 3429 Frater
607 3362 779 3429 Cristanus
810 3363 863 3429 dei
891 3363 1004 3448 gracia
1039 3365 1240 3433 Sambiensis
1269 3369 1452 3451 episcopus.
1501 3368 1674 3437 Universis
1705 3367 1829 3434 Christi
1851 3367 2006 3433 fidelibus

348 3475 519 3552 presentes
547 3469 679 3536 litteras
702 3469 910 3552 inspecturis,
942 3471 1105 3539 sinceram
1128 3473 1162 3538 iu
1186 3475 1314 3542 domino
1334 3474 1358 3548 ll
1376 3475 1566 3542 karitatem.
1614 3477 1694 3541 (lum
1717 3495 1777 3540 nos
1801 3473 2005 3540 auctoritate

348 3575 400 3642 dei
431 3583 465 3642 et
493 3575 692 3643 venerabilis
723 3576 829 3658 patris
859 3577 980 3644 domini
1003 3579 1244 3664 archiepiscopi
1265 3582 1462 3666 Maguntinr',
1487 3583 1580 3649 cuius
1603 3582 1637 3649 in
1661 3581 1888 3664 spiritualibus
1912 3581 2006 3648 vices

348 3682 500 3766 gerimus,
515 3681 541 3756 ll
558 3681 719 3749 fratribus
743 3682 866 3750 ordinis
889 3685 987 3751 beate
1010 3686 1116 3752 Maric
1139 3687 1278 3772 virginis
1301 3692 1341 3755 de
1365 3700 1473 3756 monte
1497 3689 1638 3756 Carmeli
1660 3689 1694 3755 in
1716 3689 2008 3772 Frankenvotbli)

348 3791 482 3856 chorum
513 3798 548 3856 et
579 3790 642 3856 duo
673 3789 795 3856 altaria
824 3797 858 3855 et
888 3794 951 3856 duo
981 3793 1154 3875 cymiteria
1172 3793 1196 3868 il
1213 3795 1246 3861 in
1278 3795 1493 3862 decollatione
1524 3796 1632 3862 sancti
1662 3795 1825 3864 Jobann'm
1854 3795 2007 3877 baptiste

348 3896 622 3978 consecravimus,
647 3897 795 3963 omnibus
820 3917 897 3965 vere
920 3897 1145 3980 penitentibus
1167 3908 1200 3968 et
1217 3901 1387 3983 confessis
1413 3903 1517 3984 quiin
1533 3903 1739 3970 dedicatione
1754 3902 1895 3985 predicti
1911 3903 2010 3968 ebori

348 4002 402 4070 vel
425 4003 598 4069 cuiuslibet
622 4003 739 4069 altaris
764 4023 820 4071 seu
845 4003 948 4071 eciam
971 4004 1006 4071 in
1029 4004 1270 4074 festivitatibus
1294 4016 1507 4091 patronorum
1531 4017 1565 4076 et
1588 4009 1737 4076 omnibus
1760 4008 2011 4081 festivitatibus

348 4106 489 4175 fratrum
520 4109 742 4192 predictorum
772 4117 807 4176 et
836 4129 895 4192 per
927 4117 1065 4179 octavas
1096 4118 1272 4181 eorundem
1303 4119 1421 4182 devote
1444 4116 1671 4198 confluxerint,
1696 4118 1748 4184 vel
1772 4135 1904 4182 manum
1928 4137 2012 4199 por-

349 4215 496 4281 rexerint
519 4215 722 4300 adiutricem,
747 4217 948 4284 auctoritate
971 4219 1024 4284 dei
1047 4221 1198 4303 predicta
1222 4242 1261 4288 ac
1284 4225 1456 4289 beatorum
1479 4224 1703 4306 apostolorum
1725 4223 1818 4289 Petri
1840 4230 1872 4289 et
1896 4224 2011 4306 Pauli,

349 4341 475 4388 necnon
505 4323 602 4388 beate
632 4322 797 4406 Elyzabet
824 4325 1046 4408 quadraginta
1077 4327 1148 4393 dies
1171 4327 1385 4395 criminalium
1410 4337 1445 4396 et
1468 4350 1587 4396 annum
1611 4330 1798 4410 venialium,
1824 4333 2014 4397 accedente

350 4427 527 4512 dyocesani
556 4448 727 4510 consensu,
760 4428 1016 4498 misericorditer
1038 4433 1072 4499 in
1096 4435 1224 4501 domino
1248 4436 1445 4503 relaxamus
1492 4439 1617 4503 Datum
1640 4457 1726 4502 anno
1751 4437 1872 4504 domini
1895 4438 1937 4502 rfr.
1958 4433 2012 4504 c'c.

350 4535 571 4618 nonagesimo,
596 4535 701 4616 pridie
724 4535 885 4602 kalendas
908 4541 1113 4620 septembris

565 4677 611 4732 Or.
624 4679 711 4749 Pynrt.
749 4679 811 4734 Dos
838 4681 1018 4748 onbdnpende
1044 4683 1133 4754 Siepel
1160 4686 1258 4754 (prin)
1285 4686 1322 4740 isi
1348 4685 1509 4756 bescbddiqt.
1563 4683 1602 4738 St.
1620 4685 1655 4739 A.
1674 4685 1725 4739 vr.
1745 4683 1915 4740 Kamelit-er
1936 4686 2017 4744 Urs.

616 4767 812 4836 (Franksuri),
831 4768 884 4822 No.
898 4773 958 4824 426.

564 4855 664 4911 Geir:
681 4856 725 4922 13,
744 4859 799 4909 252
816 4859 886 4912 nuci
905 4859 963 4912 dem
984 4858 1030 4915 Or.
1051 4903 1056 4915 .
1094 4861 1154 4916 Eira
1172 4862 1342 4917 lateinisches
1360 4864 1459 4932 Rapaci
1476 4863 1565 4918 dieser
1587 4863 1718 4918 Urhrndc
1734 4863 1804 4918 stelit
1822 4863 2019 4920 Kameliter·

562 5005 564 5010 ¹
617 4944 721 5012 dicier,
735 4949 778 5013 11,
797 4945 876 5010 fidv.
913 4947 953 5001 st.
967 4948 1001 5003 A.
1018 4949 1068 5003 Fr.
1103 4949 1161 5020 Vqr.
1175 4953 1246 5006 auch
1263 4953 1391 5021 Lasncr,
1409 4949 1455 5021 Ii,
1475 4957 1534 5008 117.

349 5178 440 5255 583.
465 5189 576 5274 Kdnip
599 5189 727 5272 liudolf
753 5191 895 5277 powdbri
923 5192 993 5256 oleru
1021 5192 1174 5275 srir'beren
1201 5193 1235 5256 F
1234 5195 1420 5276 residuam
1442 5196 1675 5262 Sobrrltbeissen
1698 5196 1862 5276 Heinrich,
1888 5197 2024 5267 deseca

463 5295 581 5376 Erico,
613 5303 707 5364 sowie
735 5301 796 5364 den
825 5299 1058 5383 Burprnunncn
1086 5321 1129 5364 aa
1157 5301 1339 5366 Ridelbeim
1369 5303 1419 5366 dic
1451 5303 1573 5381 Gnade,
1601 5303 1680 5368 doss
1702 5307 1748 5368 sic
1770 5305 1858 5369 seclis
1878 5303 2022 5390 dudm,

463 5405 514 5470 dic
536 5406 612 5471 aber
634 5408 719 5472 nicbi
741 5427 802 5472 uris
825 5408 886 5470 den
908 5407 1105 5491 idniplicben
1127 5406 1258 5472 Siddien
1279 5431 1460 5493 penonrnwn
1484 5411 1607 5476 werden
1621 5410 1750 5492 diirfen,
1775 5412 1823 5476 bei
1837 5411 1892 5475 der
1902 5411 2024 5505 Bury

614 5602 640 5648 α)
657 5587 721 5642 Uber
735 5597 789 5642 dem
802 5599 902 5642 aweiten
917 5602 956 5651 ,θ’
971 5599 1034 5643 arear
1047 5598 1087 5644 ein
1102 5599 1145 5652 ,l·.
1173 5599 1199 5652 b)
1213 5599 1254 5646 Or.
1266 5599 1438 5652 ,nunculium

404 5757 804 5828 ¹mmmmm
