4400 6384
375 286 440 349 226
899 278 968 332 1282
987 275 1104 333 October
1123 278 1138 330 7
1158 308 1191 317 -
1212 277 1280 331 1282
1301 276 1446 331 December
1465 276 1506 330 11.

376 480 410 545 in
424 478 622 545 Weienlreim
648 478 755 559 sitam,
780 478 839 542 sub
864 476 927 541 fide
950 481 1062 541 nostre
1086 473 1276 541 donacionis
1292 472 1413 540 vestris
1429 473 1618 539 officialibus
1635 474 1847 556 commissam,
1866 473 2030 541 fratribus

376 590 488 653 domus
505 585 705 651 Γ1166166166
727 584 761 649 16
777 580 1023 649 Franckenlort
1040 580 1280 665 assignavimus
1297 587 1331 646 et
1347 580 1562 664 assignamus,
1588 600 1690 662 quare
1705 588 1817 648 vestre
1833 583 2030 648 excellencie

374 692 538 759 humiliter
574 691 803 773 supplicamus
837 695 1007 771 ullatenus
1034 687 1260 754 controversia
1288 688 1375 753 inter
1405 707 1464 754 vos
1495 693 1528 753 61
1559 686 1721 753 domiuum
1744 689 2030 771 Mogontinensom

374 799 654 881 archiepiscopum
685 801 810 879 sedata,
843 796 958 863 turrim
991 794 1172 878 predictam
1202 794 1363 860 fratribus
1394 797 1507 861 domus
1531 795 1733 860 Theutonice
1763 795 1926 877 predicte,
1958 796 2029 864 sine

373 906 528 973 morimur
552 906 621 973 sive
645 905 794 985 vivimus,
821 924 879 985 per
896 909 1025 971 vestros
1042 901 1196 968 officiales
1212 904 1349 967 reddere
1366 901 1543 985 dignemini
1558 907 1591 968 et
1608 900 1789 985 assignare,
1814 906 1900 983 quod
1915 904 2029 985 utique

372 1020 487 1080 vestra
511 1012 709 1079 excellencia
733 1017 844 1077 nostre
868 1010 998 1076 noverit
1022 1028 1094 1075 esse
1118 1008 1309 1088 voluntatis
1336 1028 1406 1073 666
1431 1010 1490 1074 hee
1515 1016 1548 1075 et
1572 1009 1638 1075 alia
1660 1010 1748 1075 bona
1770 1018 1886 1076 nostra
1908 1009 2030 1076 ibidem

374 1120 441 1187 sita
467 1120 501 1185 in
531 1140 646 1202 puram
676 1118 883 1184 elemosinam
908 1115 1101 1183 contulimus
1127 1118 1186 1181 deo
1211 1114 1443 1197 famulandum,
1469 1118 1554 1197 quod
1577 1115 1683 1181 literis
1706 1116 1897 1199 patentibus
1921 1118 2028 1202 sigillo

374 1233 486 1293 nostro
512 1225 665 1310 sigillatis
689 1224 831 1291 veritate
856 1222 1010 1289 contessa
1034 1242 1143 1289 eoram
1168 1222 1262 1287 vobis
1286 1222 1435 1287 durnnus
1459 1222 1723 1288 confirmandum.

587 1367 728 1433 Adselrrist
746 1368 783 1421 im
803 1365 1294 1421 Deutsclmrdeus·Doleurnentenbuclr
1312 1364 1408 1429 tm
1442 1363 1481 1419 St.
1495 1365 1529 1418 A.
1543 1364 1734 1435 81611961-
1751 1365 1809 1420 Veu
1828 1366 1992 1421 Netlrusius.

375 1548 467 1625 469.
492 1557 621 1639 Plrilrpp
648 1578 704 1621 rere
727 1555 762 1619 F
761 1556 941 1633 rottenstein,
966 1554 1266 1631 lteiclestduunerer,
1291 1554 1466 1637 pereelrnu'pt
1489 1554 1540 1617 die
1561 1539 1784 1638 ebertrupunp
1807 1560 1891 1621 61666
1907 1557 2029 1622 Lelreas

492 1686 550 1729 oon
572 1664 708 1743 Weruer,
741 1664 826 1728 Solen
856 1664 912 1727 der
942 1660 1893 1740 166,66666166666666666661666.
1940 1671 2031 1730 12⁸2

495 1772 623 1839 October
651 1776 676 1835 7.

483 1914 604 1978 Notum
628 1912 671 1978 sit
702 1910 850 1978 omnibus
881 1931 920 1977 ae
950 1910 1115 1977 universis
1144 1911 1230 1975 hauc
1260 1909 1390 1975 literam
1425 1909 1743 1992 inspeetu1·is,qu0d
1775 1931 1835 1996 ego
1859 1913 2030 1995 Philippus

377 2025 417 2087 de
440 2019 684 2099 Falckenstein‚
719 2018 919 2083 camerarius
950 2017 1023 2083 aule
1054 2016 1243 2099 imperialia,
1268 2020 1355 2096 quod
1386 2014 1515 2083 feodum
1539 2019 1754 2098 Weruherus,
1785 2020 1871 2085 tilius
1901 2022 2031 2087 domine

377 2129 482 2208 Uden,
515 2147 535 2192 6
564 2145 614 2191 66
645 2132 678 2191 61
709 2128 844 2190 demea
875 2130 1041 2206 potestate
1066 2143 1233 2205 quousque
1264 2124 1808 2209 66666166(ἵ)16661166116166,
1834 2135 2029 2211 arrogata,

377 2234 515 2301 dominis
538 2232 700 2315 religiosis
725 2235 764 2298 de
788 2234 881 2297 domo
906 2230 1111 2297 'theutonica
1133 2230 1167 2295 in
1191 2229 1437 2296 Franckenlort
1461 2231 1600 2296 contulit
1623 2252 1695 2297 cum
1718 2234 1890 2300 voluntate
1915 2243 2032 2302 nostra

377 2338 558 2425 adtenta(!)
582 2338 842 2421 perpetualitera
865 2339 1114 2405 observandum.
1162 2337 1202 2401 In
1223 2337 1315 2402 cuins
1331 2337 1379 2402 rei
1395 2337 1625 2419 testimonium,
1644 2338 1717 2426 [hoc
1734 2340 1905 2429 scriptum]
1923 2342 2031 2426 sigillo

378 2468 447 2514 meo
462 2446 536 2513 dedi
552 2446 790 2513 communitum.
823 2446 910 2511 Acta
935 2451 1011 2510 sunt
1034 2446 1094 2509 hee
1112 2464 1197 2509 anne
1214 2443 1382 2510 millesimo
1399 2445 1621 2512 ducentesimo
1637 2447 1859 2529 octuagesimo
1876 2453 2030 2521 seeundo,

378 2553 522 2621 crastino
544 2552 649 2636 Sergii
672 2560 705 2618 et
721 2552 845 2617 Bachii.
886 2553 1003 2617 Testes
1028 2558 1138 2617 autem
1160 2550 1256 2616 huius
1278 2550 1512 2637 interlecti(!):
1538 2552 1701 2619 Heuricus
1724 2554 1817 2621 miles
1834 2558 1873 2620 de
1890 2556 2032 2639 Plriuge-

378 2661 473 2743 stein,
498 2660 603 2727 Gotzo
635 2659 742 2726 dictus
767 2659 883 2725 Levita
915 2664 948 2724 et
971 2658 1135 2724 Henricus
1166 2658 1365 2739 capellanus.
1413 2661 1500 2725 Acta
1531 2667 1608 2726 sunt
1632 2661 1810 2747 epitafio(!)
1834 2664 2031 2744 prescripto.

591 2800 731 2867 Abaodrr'st
756 2800 794 2854 tm
812 2800 1300 2855 Drutaetrordena·Dolumeatenbuclr
1318 2799 1413 2865 f.220.
1459 2800 1497 2854 St.
1512 2804 1546 2855 A.
1560 2801 1706 2871 Stuttport.
1733 2834 1767 2841 -
1789 2804 1848 2858 Von
1867 2806 2032 2861 Notlrusrus.

590 2891 804 2960 deperarent,
822 2890 1021 2957 Bennforsteu,
1041 2892 1075 2943 93
1093 2890 1162 2943 olene
1182 2888 1371 2959 Topeedutum.

378 3072 470 3148 470.
494 3079 567 3144 Dos
597 3079 747 3144 Medeam
780 3078 939 3163 peistlielte
971 3078 1100 3143 Gerielet
1135 3078 1341 3157 benrduudet,
1371 3080 1449 3143 dass
1484 3080 1586 3143 Itum·
1615 3081 1744 3145 lli’rner
1776 3106 1833 3148 666
1862 3084 2035 3151 1116616616

496 3189 565 3252 dem
588 3186 942 3252 Deutsolrordcnslruuse
964 3209 1006 3251 en
1029 3187 1290 3251 sermonumad
1312 3190 1396 3250 scine
1419 3186 1532 3251 Mitule
1556 3188 1602 3251 bri
1625 3188 1717 3252 Atrei
1740 3192 1806 3253 6661
1830 3196 1875 3255 12
1896 3192 2033 3277 Moagete

503 3296 625 3361 Wiesen
648 3295 811 3379 pestilenti
834 3295 920 3359 leude.
968 3294 1092 3371 Mutua,
1119 3292 1398 3358 1612116666·
1422 3300 1473 3358 11.

488 3437 618 3503 Iudices
649 3443 763 3502 sancte
787 3436 980 3520 lllagnntine
1005 3436 1101 3517 sedis,
1128 3435 1276 3501 omuibus
1299 3434 1332 3500 in
1357 3443 1559 3518 perpetuum.
1607 3438 1655 3502 Ne
1678 3434 1770 3504 16616
1793 3442 2034 3523 modernorum,

380 3564 441 3625 que
472 3544 571 3627 digna
602 3551 678 3609 sunt
708 3542 876 3624 memoria,
908 3550 1114 3625 posterorum
1144 3540 1347 3608 frustrentur
1377 3542 1605 3625 ignollrantia,
1638 3546 1732 3608 decet
1773 3551 1805 3610 61
1829 3548 1964 3628 expedit
1995 3570 2037 3615 66

380 3650 558 3734 sigillorum
583 3656 616 3716 et
640 3649 755 3731 scripti
778 3649 952 3715 munimine
976 3649 1115 3730 vivoque
1137 3648 1322 3715 testimonio
1340 3649 1523 3731 perennari.
1559 3649 1646 3715 Hine
1662 3658 1722 3731 est,
1740 3655 1825 3732 quod
1842 3672 1902 3720 nos
1919 3662 2036 3722 tenore

380 3756 610 3837 pretlsentium
628 3756 755 3838 publice
773 3763 1005 3838 protestamur,
1023 3755 1286 3837 recognoscimus
1303 3762 1337 3821 et
1353 3754 1504 3837 latemur,
1523 3758 2038 3838 (6611166616166(1611161166-

381 3863 465 3929 heim
489 3862 581 3929 miles
605 3870 704 3929 66166
717 3864 788 3929 Ude
812 3863 845 3928 in
869 3870 985 3929 nostra
1010 3861 1216 3944 presentiall
1231 3861 1431 3928 constitutus
1455 3863 1582 3944 publice
1599 3866 1799 3948 recognovit,
1825 3866 1885 3955 [se]
1903 3869 2037 3953 legasse

379 3970 413 4036 in
437 3969 643 4035 elemosinam
668 3989 748 4051 pure
773 3976 806 4033 et
830 3968 1021 4051 simpliciter
1044 3976 1179 4051 prepter
1204 3972 1298 4035 deum
1315 3990 1374 4051 pro
1392 3969 1572 4036 animarum
1589 3992 1720 4037 suarum
1738 3980 1770 4038 et
1788 3976 2038 4057 progenitorum

382 4085 415 4142 61
439 4095 664 4141 successorum
689 4095 818 4141 suorum
835 4076 976 4142 remedio
995 4076 1120 4156 pariter
1136 4082 1170 4141 et
1186 4076 1292 4141 salute
1310 4082 1343 4142 et
1359 4080 1498 4143 donasse
1515 4077 1777 4145 irrevocabiliter
1792 4087 1826 4146 et
1842 4082 2039 4164 simpliciter

381 4182 555 4249 donatione
589 4182 713 4248 scilicet
746 4183 833 4249 inter
865 4182 960 4250 vivos
992 4182 1072 4248 viris
1106 4182 1300 4266 religiosis.
1328 4237 1333 4248 .
1359 4185 1614 4250 commendatori
1651 4193 1684 4252 61
1720 4184 1882 4254 fratribus
1920 4193 2039 4256 domus

381 4289 604 4355 Γ1116611οηὶ66
636 4292 721 4372 apud
755 4290 981 4356 Frankinvort
1012 4289 1230 4357 molendinum
1261 4310 1354 4355 suum
1384 4291 1482 4356 situm
1512 4295 1598 4373 apud
1630 4293 1776 4359 Δ1166166
1807 4303 1840 4360 61
1864 4299 2041 4364 duodecim

380 4396 525 4463 iurnales
562 4402 731 4478 pratorum
765 4396 942 4462 iacentium
978 4400 1064 4478 apud
1100 4397 1317 4463 molendinum
1351 4398 1416 4463 iam
1447 4398 1578 4481 dietum,
1604 4399 1659 4480 qui
1689 4402 1859 4468 duodecim
1887 4404 2041 4472 iurnales

381 4508 550 4584 pratorum
576 4521 647 4567 cum
677 4503 860 4569 molendino
893 4502 1023 4585 prelato
1057 4506 1219 4584 quondam
1253 4502 1387 4571 fuerant
1422 4506 1598 4572 Berlewini
1625 4508 1710 4574 bone
1744 4509 1898 4575 memorie
1933 4532 2041 4592 quon-

381 4613 456 4675 dam
491 4609 603 4675 militis
639 4609 718 4675 dicti
754 4612 858 4693 Zorn,
895 4618 928 4677 et
964 4610 1201 4693 possessionem
1236 4612 1396 4677 dictorum
1430 4613 1604 4678 molendini
1643 4621 1676 4679 et
1716 4623 1884 4696 pratorum
1924 4638 2041 4685 eoram

380 4716 474 4781 nobis
505 4715 633 4803 molivit]
664 4724 696 4782 et
729 4717 866 4783 tradidit
890 4717 1026 4783 liberam
1051 4725 1084 4784 61
1107 4738 1245 4785 vacuam
1271 4719 1508 4801 possessionem
1532 4719 1677 4801 ipsorum
1700 4719 1799 4787 fratri
1822 4722 1969 4790 Lutlrero
1998 4729 2042 4793 de

381 4827 474 4889 domo
491 4824 717 4888 Theuthonira
742 4824 869 4890 nomine
894 4825 1115 4907 predictorum
1138 4826 1410 4892 commendatoris
1434 4833 1466 4892 et
1488 4824 1638 4906 fratrum,
1655 4829 1821 4894 bonafide
1838 4831 2043 4911 promittens

381 4949 440 5011 pro
471 4949 506 4994 se
535 4934 568 4993 et
592 4929 659 4995 suis
683 4930 858 4996 heredibus
881 4932 945 4996 iam
970 4931 1057 4997 dieto
1082 4929 1181 4997 fratri
1198 4932 1344 4999 Luthero
1365 4933 1587 5016 sollempniter
1603 4935 1776 5017 stipulanti
1791 4937 1919 5003 nomine
1943 4937 2043 5027 [quo]

381 5056 491 5118 supra,
510 5036 691 5117 predictam
708 5037 915 5104 donationem
932 5058 989 5104 seu
1006 5039 1207 5122 legacionem
1223 5045 1332 5105 ratam
1348 5047 1381 5104 et
1397 5042 1522 5106 firmam
1539 5047 1650 5107 tenere
1667 5049 1701 5107 61
1717 5046 1757 5108 de
1769 5044 1926 5124 predictis
1938 5046 2045 5113 bonis

380 5163 439 5223 per
463 5162 532 5208 eum
558 5142 678 5225 legatis
702 5150 735 5209 61
759 5144 890 5210 donatis
913 5145 994 5227 ipsis
1018 5145 1274 5212 commendatori
1297 5153 1331 5211 61
1355 5144 1516 5213 fratribus
1541 5146 1653 5214 lacere
1669 5150 1873 5216 svarandiam
1889 5153 2045 5221 debitam

381 5256 414 5315 et
438 5256 627 5315 consuetam
652 5256 685 5315 61
709 5270 767 5332 per
792 5270 826 5316 se
850 5252 902 5319 vel
927 5272 985 5333 per
1008 5252 1107 5319 olium
1131 5260 1189 5319 661
1213 5252 1294 5318 alios
1318 5256 1418 5320 verbo
1442 5254 1496 5320 vel
1518 5253 1609 5320 laeto
1633 5259 1673 5321 de
1696 5256 1768 5323 iore
1791 5258 1844 5324 nel
1867 5262 1907 5325 de
1929 5258 2043 5344 facto,

381 5364 463 5436 arte,
488 5359 592 5437 modo,
617 5356 757 5439 ingenio,
784 5358 852 5423 sive
878 5379 978 5425 eausa
999 5358 1141 5445 [contra]
1160 5380 1224 5425 non
1241 5357 1351 5426 lacere
1368 5362 1420 5427 vel
1436 5360 1557 5441 venire,
1582 5362 1790 5430 renunc-iavit
1807 5364 1904 5431 etiam
1922 5386 2045 5436 eoram

381 5462 474 5528 nobis
493 5463 678 5544 exceptioni
694 5464 768 5545 doli,
787 5463 1066 5552 eonltraldictioni
1087 5467 1157 5533 sine
1174 5486 1284 5548 eausa,
1302 5467 1425 5533 actioni
1441 5474 1474 5533 et
1491 5468 1676 5550 exceptioni
1690 5469 1725 5534 in
1750 5468 1913 5558 [lactum],
1931 5475 2046 5553 priri-

381 5568 485 5653 legiis,
510 5568 631 5635 litteris
654 5569 830 5651 inpetratis
854 5573 908 5638 vel
929 5572 1145 5655 impetrandis,
1171 5572 1320 5655 omnique
1345 5574 1400 5640 alii
1424 5574 1545 5641 auxilio
1568 5576 1650 5643 iuris
1667 5576 1816 5644 canonici
1836 5578 1890 5646 rel
1914 5578 2045 5665 civiliS,

647 5750 671 5795 6)
687 5743 804 5801 Vorlape:
818 5746 1052 5803 ,perpeonliorttor'¹
