4400 6384
401 294 468 359 400
1084 293 1151 348 reor
1172 293 1320 348 naamon
1337 295 1380 348 aa.

505 490 677 554 Cunradus
700 488 799 553 iudex
823 495 857 554 et
873 489 1065 570 Adilheidis,
1088 510 1170 556 uxor
1187 491 1256 556 eius
1272 491 1445 574 legittima,
1471 492 1560 558 cives
1577 492 1916 575 Fraukinvordensea
1943 500 2043 560 tenore

400 595 605 676 presencium
634 594 939 678 relleognoseimus,
964 599 1049 678 quod
1081 617 1152 663 oum
1184 618 1248 665 uno
1279 596 1408 664 fertone
1440 598 1647 664 denariorum
1672 599 1910 664 Coloniense'om
1940 620 2042 666 censos

399 701 561 784 annualia,
593 720 687 781 quem
718 703 956 768 communicata
986 723 1083 768 manu
1116 705 1253 786 parique
1284 705 1475 776 conlisensu
1506 725 1605 786 super
1636 704 1761 771 curiam
1792 713 1825 771 et
1855 706 2042 773 mansionem

399 815 546 873 nostram
575 807 780 874 vendidimus
810 810 956 876 Arnoldo
990 812 1029 876 de
1060 811 1234 896 Glauburg
1263 812 1395 893 suisque
1425 812 1611 894 heredibus,
1631 811 1656 885 ll
1674 809 1816 893 prelatis
1846 815 1992 878 Arnoldo
2017 823 2042 879 et

399 915 466 981 suis
489 914 664 980 heredibus
687 918 728 980 de
752 915 841 981 dieta
864 917 956 983 curia
980 925 1013 983 et
1036 919 1205 984 mansione
1222 927 1337 985 nostra
1353 927 1502 985 tenemur
1517 920 1645 985 solvere
1661 925 1695 984 et
1712 919 1880 1002 porrigere
1897 928 2041 1001 perpetuo

399 1021 535 1105 singulis
566 1021 661 1087 annis
690 1022 725 1087 in
756 1021 842 1088 lesto
872 1024 963 1089 beati
993 1025 1132 1091 Martini
1162 1029 1244 1092 duas
1275 1046 1404 1092 marcas
1435 1025 1644 1092 denariorum
1668 1025 1908 1092 Coloniensr'rna
1940 1046 2041 1114 census

399 1128 560 1194 annualis.
608 1129 724 1194 Testes
755 1129 850 1194 huius
880 1139 973 1196 sunt:
1005 1133 1193 1198 Hertwicus
1218 1136 1258 1198 de
1281 1134 1361 1198 Alta
1385 1137 1488 1215 domo,
1514 1135 1687 1198 Ouaradus
1711 1135 1750 1200 de
1780 1133 1885 1214 Spira,
1915 1132 2041 1198 Silridus

399 1237 438 1300 de
462 1234 664 1318 Gysinheim,
690 1236 885 1319 Rudegerus
915 1244 949 1303 et
973 1238 1171 1304 Ludewious
1201 1242 1241 1305 de
1263 1241 1478 1321 Holtzhusen,
1511 1239 1647 1320 scabini,
1679 1245 1713 1304 ct
1744 1259 1842 1320 quam
1865 1240 1976 1322 plures
1997 1241 2041 1306 alii

398 1340 561 1424 fidedigni.
609 1341 649 1405 In
679 1341 902 1407 testimonium
934 1345 1165 1425 premissorum
1196 1366 1255 1412 nos
1274 1399 1279 1410 .
1299 1396 1306 1408 .
1325 1347 1452 1412 scabini
1483 1345 1643 1412 antedicti
1666 1349 1708 1412 ad
1732 1352 1885 1429 rogatum
1911 1347 2039 1428 parcium

398 1447 620 1531 predictarum
645 1447 785 1529 sigillum
809 1449 1039 1515 universitatis
1055 1451 1378 1518 Frankiuvordensis
1403 1453 1610 1535 presentibus
1628 1452 1778 1518 duximus
1795 1456 2038 1534 appendendum.

398 1557 518 1620 Actum
541 1573 627 1620 anno
651 1554 773 1620 domini
796 1557 836 1621 rb.
860 1552 926 1622 ete.
949 1557 1064 1639 primo,
1089 1558 1122 1624 in
1148 1561 1293 1625 crastino
1317 1560 1408 1625 beati
1431 1559 1557 1626 Nicolai
1582 1559 1736 1642 episcopi.

613 1733 659 1789 Or.
674 1734 760 1804 Ppmt.
798 1735 861 1788 Dos
881 1733 968 1804 Siepel
985 1736 1022 1789 iot
1040 1735 1201 1804 obpcfallen.
1241 1736 1408 1802 Franksmr,
1431 1736 1532 1790 Arellio
1551 1736 1600 1789 dor
1622 1735 1775 1790 Frciberru
1798 1753 1849 1790 ooo
1870 1736 2039 1788 Holalrouseo.

665 1854 698 1861 —
715 1824 774 1878 Von
793 1823 955 1878 Notbusr'ua.

612 1912 711 1966 Gedr:
729 1913 774 1981 B,
793 1916 847 1966 342
864 1913 935 1966 nach
952 1913 1011 1966 dem
1032 1913 1078 1967 Or.
1100 1955 1105 1966 .

399 2386 490 2463 796.
513 2397 706 2461 Seltettlretss
730 2396 893 2475 Heinrich,
918 2397 968 2460 dic
991 2398 1136 2477 Scbb'fferr
1168 2396 1233 2460 *reteri
1263 2397 1318 2460 der
1342 2396 1428 2460 nato
1452 2419 1511 2461 oon
1534 2397 1568 2460 F
1569 2397 1719 2477 roretfrot
1742 2397 1952 2475 berrrdrmdca,
1974 2397 2038 2460 does

514 2502 681 2568 Herlitana
709 2525 769 2566 acer
793 2503 885 2567 Altero
910 2503 1030 2567 Mittere
1056 2504 1125 2566 dero
1148 2503 1481 2584 ll⁷cisssroncrrllostcr
1505 2508 1538 2568 io
1561 2503 1746 2584 Fronl·fur·t
1770 2525 1875 2587 torpere
1898 2508 1993 2568 scitur
2013 2507 2038 2565 lo

511 2609 653 2674 dosselbe
682 2609 962 2693 arrfyenoouuerrcrr
988 2609 1119 2673 roceto·
1142 2609 1340 2693 Konipruulc
1365 2616 1383 2674 1
1408 2610 1507 2674 Molle
1525 2607 1707 2691 je'ilolicbcrr
1731 2611 1843 2676 Zirrses
1871 2615 2039 2675 consciuere

509 2719 588 2780 rioci
610 2715 804 2796 Kousleideo
829 2717 1016 2780 iibcrreu'esco
1041 2717 1128 2780 leobc.
1177 2722 1263 2780 1301
1287 2715 1457 2782 December
1480 2723 1533 2782 22.

502 2891 664 2958 Henricus
681 2893 782 2974 miles
808 2893 976 2974 scultetus
1003 2893 1129 2958 scabini
1145 2899 1178 2959 et
1195 2892 1343 2959 consules
1360 2897 1400 2959 de
1420 2893 1689 2975 Frankenvord,⁸
1712 2899 1825 2959 tenore
1850 2894 2038 2976 presencium

396 2999 658 3082 recognoscimus
683 2999 811 3081 publice
834 3001 1036 3081 prolitentes
1062 3003 1148 3081 quod
1172 3001 1381 3066 Hermannus
1406 3003 1445 3065 de
1462 2999 1575 3065 l'eteri
1591 3001 1734 3081 Moneta,
1759 3007 1873 3066 noster
1897 2999 2038 3067 concivis.

397 3107 569 3171 innostra
599 3107 772 3187 presencia
799 3107 998 3172 constitutus
1022 3109 1062 3171 de
1086 3126 1246 3172 consensu
1272 3113 1304 3171 et
1329 3109 1415 3172 bona
1438 3107 1609 3173 voluntate
1634 3105 1834 3185 Godelindis
1860 3107 1969 3172 uxoris
1990 3125 2039 3171 sue

395 3211 548 3295 legitime,
581 3233 620 3278 ae
651 3213 780 3279 domino
804 3215 956 3280 Johanne
985 3217 1158 3279 sacerdote
1189 3221 1222 3278 et
1245 3213 1409 3296 Hedwigi,
1441 3213 1555 3279 liberis
1586 3213 1688 3296 ipsius
1712 3213 1902 3294 Hermanui,
1934 3232 2041 3279 renun-

396 3318 559 3388 ciantibus
584 3327 617 3385 et
639 3319 742 3386 libere
758 3320 1052 3402 consencientibus,
1078 3340 1188 3386 coram
1204 3320 1297 3386 nobis
1314 3339 1411 3386 uuam
1428 3339 1572 3386 marcam
1589 3319 1795 3386 denariorum
1813 3320 2041 3386 Coloniensioa

396 3445 513 3492 census
536 3427 688 3492 annualis
704 3446 804 3509 super
820 3429 903 3492 duas
920 3434 1077 3509 apotecas
1093 3446 1181 3507 suas
1208 3429 1369 3508 quondam
1386 3424 1597 3492 Thilmannib
1620 3430 1660 3492 de
1677 3427 1810 3493 Colonia
1835 3435 1868 3493 et
1883 3423 2042 3492 Eberwini

396 3533 476 3598 dicti
492 3535 744 3614 Duchmecbem,
777 3533 897 3600 civium
919 3531 1289 3614 Fraukenfordensium,
1320 3533 1354 3598 in
1386 3533 1502 3614 quibus
1533 3553 1660 3615 pannos
1691 3553 1766 3598 suos
1796 3536 1938 3600 vendere
1975 3551 2041 3597 con-

396 3647 583 3722 sueverunt,
598 3640 758 3724 religiosis
772 3641 964 3706 dominabus
977 3640 1135 3723 priorisse
1149 3647 1182 3705 et
1196 3641 1373 3706 conventui
1386 3639 1682 3706 sanctimonialium
1694 3640 1818 3706 ordinis
1829 3639 2041 3706 Ponitencium

394 3747 428 3811 in
444 3745 695 3813 Frankenfort⁸
719 3747 891 3813 occasione
909 3747 1129 3829 CunegundiS,
1154 3746 1218 3812 filie
1242 3747 1382 3828 predicti
1397 3747 1588 3828 Hermanui,
1614 3766 1710 3828 quam
1726 3747 1879 3829 predicta
1894 3744 2042 3828 priorissa

396 3859 429 3918 et
460 3861 643 3920 conventus
673 3853 707 3919 in
738 3873 831 3919 suum
862 3853 1029 3919 cenobium
1061 3859 1094 3919 et
1119 3853 1264 3919 ordinem
1288 3859 1492 3935 receperunt,
1519 3873 1598 3935 pure
1622 3859 1759 3935 propter
1783 3856 1877 3919 deum
1901 3849 2041 3926 contulit,

396 3959 484 4025 dedit
516 3967 550 4025 et
580 3960 775 4044 assignavit,
808 3960 945 4043 singulis
976 3959 1072 4025 annis
1103 3959 1136 4026 in
1168 3959 1254 4025 festo
1285 3959 1376 4026 boati
1399 3959 1536 4025 Martini
1559 3959 1629 4025 sine
1652 3959 1882 4041 impedimento
1906 3957 2044 4040 quolibet

396 4073 553 4147 perpetuo
578 4067 754 4132 tollendam
779 4074 812 4132 et
836 4067 1088 4149 percipiendam.
1136 4069 1227 4132 Idem
1252 4086 1378 4148 quoque
1395 4067 1604 4132 Hermannus
1620 4085 1693 4131 cum
1709 4086 1811 4132 uxore
1829 4086 1897 4147 sua,
1923 4063 2043 4130 domino

395 4172 548 4237 Jolranne
581 4174 752 4239 sacerdote
783 4193 822 4238 ao
841 4172 1031 4256 Hedewige,
1063 4172 1176 4238 liberis
1208 4173 1275 4240 suis
1307 4171 1473 4255 prodictio,
1506 4172 1715 4240 renunciavit
1745 4173 1832 4238 omni
1862 4171 1935 4252 iuri,
1968 4168 2045 4252 quod

396 4277 516 4342 eisdem
545 4277 580 4344 in
610 4280 761 4361 predicta
784 4299 896 4345 marca
920 4299 1037 4344 census
1061 4283 1268 4360 competebat
1293 4300 1349 4345 seu
1374 4286 1558 4360 competere
1582 4279 1768 4346 videbatur.
1816 4279 1934 4344 Testes
1958 4276 2045 4342 huius

397 4390 489 4449 sunt:
515 4386 680 4451 Arnoldus
704 4389 744 4452 de
768 4387 950 4469 Glauburg,
982 4386 1170 4452 Hertwicus
1195 4389 1234 4452 de
1258 4386 1338 4452 Alta
1362 4389 1465 4466 domo,
1493 4385 1633 4451 Silridus
1657 4389 1697 4451 de
1722 4385 1946 4465 Giseulreirn,⁰
1970 4385 2047 4448 Con-

394 4494 495 4556 radus
511 4493 551 4557 de
569 4492 675 4575 Spira,
701 4495 870 4560 Conradus
888 4490 1127 4574 Bornellecke,‘¹
1149 4489 1333 4558 Markollus
1350 4495 1390 4558 de
1406 4492 1580 4574 Lintlreim
1606 4493 1793 4574 Rudigerus
1810 4499 1843 4557 et
1858 4489 2046 4557 Lodevvicus

395 4600 434 4662 de
457 4599 710 4681 Holtzhausen,⁰
732 4601 902 4666 lohannes
927 4598 1103 4680 Goltstein,
1128 4599 1266 4680 scabini,
1292 4605 1326 4664 et
1350 4617 1445 4679 quam
1471 4600 1580 4680 plures
1604 4598 1661 4664 alii
1683 4599 1847 4681 fidedigni.
1895 4598 1936 4662 In
1962 4594 2048 4660 testi-

394 4705 535 4770 monium
559 4713 593 4771 et
615 4705 803 4770 firmitatem
828 4705 969 4771 omnium
992 4705 1223 4787 premissorum
1247 4725 1306 4770 uos
1330 4705 1457 4771 scabini
1480 4705 1640 4772 antedicti
1663 4708 1703 4771 ad
1728 4712 1878 4788 rogatum
1905 4703 2048 4786 parcium

394 4811 616 4892 predictarum
640 4813 782 4895 sigillum
806 4812 1034 4878 universitatis
1052 4813 1381 4878 Frankenvordensis
1402 4811 1609 4894 presentibus
1625 4811 1775 4878 duximus
1792 4811 2047 4893 appendendum.

394 4919 514 4985 Actum
539 4939 624 4986 auno
649 4919 1118 5000 domini1i1.cbc.primo,in
1143 4919 1287 4985 crastino
1312 4919 1404 4985 beati
1428 4921 1549 4985 Thomu
1574 4918 1724 5000 apostoli.

610 5098 683 5151 Hier
699 5098 774 5165 pedr.
784 5098 855 5151 recole
864 5095 1006 5161 Aboclrrr'st
1017 5097 1163 5164 l'r'clrorde,
1178 5097 1368 5164 Gescldcebter,
1381 5097 1566 5163 Holaboosen,
1580 5097 1644 5151 Urio.
1658 5097 1711 5152 No.
1726 5100 1750 5162 6,
1764 5096 1803 5151 St.
1814 5099 1848 5150 A.
1859 5095 1923 5162 Fr,
1934 5095 1979 5148 dic
1988 5091 2051 5146 atreb

660 5187 705 5240 die
722 5187 839 5255 Vorlapc
857 5186 907 5252 [ἂν
925 5187 969 5251 Β.,
988 5190 1042 5239 342
1061 5187 1164 5240 bildete.
1202 5187 1277 5240 Eine
1296 5186 1406 5250 recitare,
1427 5187 1492 5239 aber
1510 5185 1667 5239 sclelccbtere
1685 5185 1828 5250 Absclere'st
1845 5185 1934 5252 firvdet
1952 5185 2008 5238 siclt
2025 5181 2053 5232 ia

668 5276 1087 5341 Weiaesraueakloster-Bdcbcr,
1108 5275 1183 5329 serre
1197 5275 1234 5328 ll
1250 5275 1339 5342 Notl,
1360 5275 1432 5340 ΜΣ.
1461 5274 1499 5328 St.
1514 5275 1547 5327 A.
1563 5274 1613 5328 Fr.
1644 5273 1722 5327 Siebe
1739 5273 1784 5327 dic
1803 5273 1968 5326 Variaoten.
1996 5271 2052 5323 Das

656 5365 727 5431 jctzt
752 5366 889 5418 veriorem
917 5365 962 5418 Or.
988 5365 1024 5418 iat
1049 5365 1087 5417 im
1106 5364 1298 5433 Reperlorirou
1324 5382 1376 5418 coo
1402 5367 1470 5418 1691
1496 5369 1576 5416 tenter
1595 5363 1703 5416 Littera
1722 5362 1757 5428 B,
1777 5363 1859 5416 Nau
1881 5361 2052 5416 ecrreicbuet.

607 5456 736 5522 Anoaap:
758 5455 882 5521 Thomas,
904 5453 1030 5519 Oberlvos,
1049 5456 1109 5506 444.

664 5681 914 5736 a),1*'roncenvord¹.
949 5682 974 5731 b)
990 5681 1152 5733 ,culmorum
1182 5685 1203 5732 c)
1219 5681 1398 5734 ,Gysenlrelm‘¹
1427 5680 1451 5731 d)
1468 5679 1657 5734 ,Bumodoolre'.
1685 5685 1707 5730 ο)
1721 5679 1864 5732 audegane
1879 5679 2055 5722 otLudavicnr

609 5753 639 5796 do
653 5753 826 5796 Holtzlrnsow.
