4400 6384
359 280 423 344 242
1046 276 1115 330 888
1136 274 1282 331 ommes
1301 280 1326 331 1.

359 474 586 542 controversia
609 494 666 541 seu
691 473 873 556 questione,
894 472 917 547 11
936 494 998 555 que
1021 473 1109 539 inter
1132 473 1337 540 venerabiles
1360 473 1450 541 viros
1474 474 1637 539 dominum
1655 527 1661 539 .
1681 527 1688 539 .
1706 476 1861 540 abbatem
1884 483 2010 541 81888-

359 587 492 649 ventum
515 581 549 647 in
572 582 748 665 Arnsburg
771 580 895 647 ordinis
912 579 1151 664 Cystercienels
1175 600 1215 645 ex
1239 585 1334 661 parte
1357 600 1424 645 una
1447 587 1480 646 et
1496 600 1556 646 nos
1573 601 1612 646 ex
1630 581 1737 647 altera
1752 601 1852 663 super
1868 589 1965 664 pastu
1983 583 2008 653 11

360 708 512 771 pecorum
542 687 628 754 dicte
657 687 735 755 ville
765 694 878 755 nostre
902 685 1113 753 Veclrinheim
1143 693 1177 752 et
1201 686 1324 767 campis
1354 686 1498 753 eiusdem
1521 687 1599 755 ville
1622 689 1782 753 hactenus
1806 691 2008 771 vertebatur,

359 798 399 861 de
415 801 528 862 nostro
546 814 706 861 consensu
724 801 757 860 et
772 796 859 861 bona
874 794 1046 861 voluntate
1063 792 1140 859 talis
1157 792 1323 859 ordinacio
1340 791 1537 876 intercessit,
1553 798 1636 875 quod
1655 794 1796 877 predicti
1811 795 1958 862 domiuus
1976 848 1982 860 .
2002 850 2007 861 .

360 903 464 968 abbas
489 908 523 969 et
546 908 738 982 888888188,
763 901 817 968 vel
840 898 1178 982 quicurnque'nomine
1194 902 1370 967 eorundem
1386 899 1511 967 curiam
1526 900 1671 983 ipsorum
1686 901 1832 968 Rideren
1846 902 2011 968 inhabita-

359 1008 478 1090 verint,
504 1014 672 1075 trecentas
696 1028 775 1075 oves
800 1006 990 1088 frequenter
1014 1013 1047 1073 81
1071 1006 1234 1088 88811888,
1260 1014 1406 1089 tempore
1431 1014 1541 1073 tamen
1564 1005 1654 1073 fetus
1677 1008 1826 1091 agnellos
1850 1027 1922 1073 cum
1939 1029 2011 1091 pre-

360 1114 457 1181 dictis
490 1114 615 1197 8811888,
649 1134 752 1195 usque
782 1118 824 1181 ad
854 1112 975 1180 testum
1005 1113 1096 1179 beati
1125 1113 1319 1179 Micbabelis
1349 1113 1488 1197 singulis
1519 1114 1614 1180 annis
1644 1118 1686 1181 ad
1717 1134 1850 1197 campos
1880 1123 2010 1182 nostros

360 1222 482 1303 pellent
512 1241 571 1304 pro
601 1220 733 1303 pascuis
764 1220 1002 1303 conquirendis
1050 1220 1085 1287 Si
1116 1240 1193 1286 vero
1224 1219 1313 1301 ipsos
1343 1220 1377 1285 iu
1408 1220 1497 1287 dicta
1528 1222 1620 1288 curia
1650 1222 1761 1303 plures
1785 1242 1864 1289 oves
1887 1224 2009 1289 habere

360 1328 569 1413 contingerit,
580 1349 677 1410 quam
694 1328 842 1411 predicto
860 1348 993 1394 numero
1010 1326 1252 1393 trecentenario
1267 1328 1479 1410 exprimatur,
1490 1328 1581 1412 ipsas
1594 1335 1688 1395 trans
1702 1349 1850 1411 campum
1863 1336 2011 1395 nostrum

360 1440 403 1502 ad
436 1436 518 1503 alios
549 1454 680 1518 campos
714 1456 772 1518 pro
807 1434 980 1516 querendis
1010 1433 1142 1516 pascuis
1171 1434 1290 1500 ibidem
1321 1435 1443 1517 pellere
1473 1435 1561 1501 licite
1592 1443 1748 1518 poterunt
1779 1444 1812 1502 et
1835 1438 2009 1503 debebunt.

360 1544 512 1609 Ceterum
535 1562 655 1625 pecora
679 1562 748 1623 sua,
773 1542 925 1610 videlicet
949 1560 1058 1623 88888,
1084 1561 1214 1618 vaccas
1241 1561 1358 1623 porcos
1374 1547 1408 1606 et
1424 1541 1490 1608 alia
1510 1542 1739 1624 cuiuscumque
1755 1542 1896 1627 generis,
1922 1544 2009 1609 nullo

361 1648 463 1715 eciam
487 1668 621 1715 numero
645 1652 812 1715 moderato
837 1648 889 1715 vel
913 1668 1078 1730 expresso,
1105 1667 1167 1729 que
1189 1649 1314 1714 habent
1336 1648 1391 1716 vel
1413 1650 1535 1715 habere
1559 1656 1715 1731 poterunt
1737 1648 1944 1731 infuturum,
1970 1655 2012 1717 ad

361 1775 494 1838 campos
525 1762 656 1822 nostros
686 1761 720 1821 81
749 1774 874 1837 pascua
905 1761 1020 1822 nostra
1052 1754 1175 1837 pellent
1203 1754 1404 1836 indistincte,
1436 1763 1468 1822 et
1499 1757 1560 1822 hoc
1583 1757 1668 1823 idem
1692 1777 1751 1823 nos
1775 1760 1815 1823 de
1838 1758 2012 1839 pecoribus

361 1862 483 1929 nostris
507 1863 730 1929 communibus
752 1861 786 1929 in
811 1862 934 1944 campis
959 1868 992 1927 et
1016 1860 1148 1943 pascuis
1171 1860 1316 1943 ipsorum
1340 1859 1498 1929 iaciemus
1522 1863 1702 1931 vieeversa.
1749 1865 1799 1930 Eo
1824 1872 1934 1930 tamen
1958 1886 2013 1931 ex-

361 1976 466 2053 cepto,
501 1972 586 2051 quod
616 1968 761 2051 ipsorum
792 1987 912 2051 pecora
943 1971 984 2034 ad
1017 1974 1146 2052 segetes
1177 1976 1310 2034 nostras
1340 1989 1401 2035 nec
1425 1977 1540 2035 nostra
1564 1973 1604 2035 ad
1630 1970 1774 2053 ipsorum
1799 1977 1930 2054 segetes
1953 1992 2012 2053 pro

361 2076 534 2157 querendis
565 2075 696 2157 pascuis
727 2096 791 2142 non
822 2075 994 2158 pellentur.
1042 2078 1147 2160 Quam
1171 2074 1412 2142 ordinacionem
1436 2075 1484 2142 sic
1508 2082 1700 2157 conceptam
1724 2076 1830 2144 forma
1853 2079 2013 2159 premissa

360 2184 505 2249 fidedata
529 2182 748 2264 promittimus
772 2203 831 2265 pro
856 2182 949 2248 nobis
973 2180 1161 2262 nostrisque
1185 2181 1430 2247 successoribus
1453 2182 1686 2249 inviolabiliter
1710 2186 1890 2263 observare
1914 2192 1948 2250 81
1971 2189 2014 2251 ad

362 2290 502 2358 omnium
526 2290 756 2371 premissorum
782 2288 1048 2355 observacionem
1072 2308 1132 2355 nos
1156 2309 1195 2355 ac
1219 2308 1426 2355 successores
1447 2297 1579 2356 nostros
1595 2291 1803 2373 presentibus
1820 2291 2013 2375 obligamus.

360 2399 482 2464 Verum
514 2396 591 2477 quia
621 2396 727 2480 sigillo
761 2395 892 2479 proprio
924 2394 1139 2461 communiter
1168 2415 1228 2462 nec
1259 2395 1375 2480 sigillis
1406 2396 1604 2479 specialibus
1634 2418 1699 2463 non
1729 2398 1851 2463 utimur
1881 2418 1941 2463 nec
1964 2399 2016 2463 uti

361 2502 597 2585 consuevimus
623 2509 793 2586 presentes
816 2502 939 2568 litteras
964 2501 1080 2585 sigillis
1100 2501 1220 2567 nobilis
1235 2502 1299 2569 viri
1315 2502 1436 2568 domini
1452 2502 1556 2569 Ulrici
1572 2506 1612 2569 de
1627 2505 1800 2571 Hanauwe
1817 2512 1851 2570 et
1866 2503 2016 2570 Heinrici

359 2610 472 2676 militis
496 2613 536 2676 de
559 2610 754 2676 Husinstam
784 2609 959 2691 petivimus
990 2608 1190 2674 communiri.
1238 2609 1285 2675 Et
1308 2629 1368 2676 888
1392 2610 1523 2677 Ulricus
1548 2610 1696 2676 dominus
1721 2613 1760 2676 de
1783 2612 1956 2678 Hanauvvc
1980 2617 2014 2676 et

360 2716 536 2783 Heinricus
559 2716 651 2782 miles
675 2716 814 2799 predicti
838 2719 880 2783 ad
903 2723 1056 2799 rogatum
1080 2716 1221 2797 sculteti,
1248 2716 1455 2783 scabinorum
1479 2738 1518 2784 ac
1541 2718 1700 2784 maiorum
1720 2717 1923 2799 prefatorum
1940 2738 2016 2799 pre-

361 2830 471 2889 sentes
494 2822 617 2889 litteras
642 2823 758 2907 sigillis
782 2822 932 2889 duximus
948 2824 1162 2889 roborandas,
1203 2824 1311 2890 Facta
1327 2831 1377 2890 est
1393 2826 1454 2890 bec
1470 2825 1637 2891 ordinacio
1655 2825 1863 2907 presentibus
1880 2825 2014 2906 talibus,

361 2930 515 2999 videlicet
540 2930 650 2997 Ulrico
675 2929 803 2996 domino
828 2933 868 2995 de
891 2931 1073 3012 Hanauwe,
1098 2930 1254 2997 Heinrico
1279 2934 1319 2996 de
1342 2932 1547 3004 Husinstam,
1572 2932 1703 2999 Siboldo
1728 2936 1767 2998 de
1791 2932 2016 3015 Heldebergin

362 3045 396 3103 et
418 3036 574 3103 Heinrico
598 3037 686 3103 dicto
711 3039 866 3104 Gansara
890 3040 929 3103 de
956 3036 1143 3118 Steinheim,
1169 3037 1343 3119 militibus;
1367 3038 1447 3104 item
1470 3040 1640 3122 Eygelone
1663 3039 1736 3107 cive
1760 3039 2016 3122 Fridebergensi

361 3150 395 3210 et
419 3146 580 3213 advocato
604 3143 637 3209 in
661 3142 882 3223 Vecbinheim,
913 3142 1085 3209 Hertwino
1118 3143 1268 3225 sculteto,
1300 3145 1478 3211 Bertholdo
1503 3152 1537 3211 et
1560 3148 1711 3212 Conrado
1735 3145 1832 3211 dietis
1856 3146 2015 3226 Ducibus,

361 3252 509 3334 Riperto,
534 3253 687 3318 Johanne
718 3256 751 3316 et
781 3250 915 3316 Gerlibo
943 3249 1072 3331 ibidem,
1105 3258 1138 3315 et
1162 3249 1236 3316 aliis
1260 3271 1357 3332 quam
1381 3251 1528 3334 pluribus
1551 3251 1732 3335 fidedignis.
1782 3252 1904 3318 Datum
1929 3272 2017 3318 anno

362 3357 483 3425 domini
504 3360 544 3423 rb.
568 3352 610 3425 o‘c.
634 3356 833 3441 octogesimo
858 3356 981 3440 quinto,
1005 3355 1039 3422 in
1063 3356 1178 3441 vigilia
1202 3358 1341 3424 omnium
1366 3365 1563 3424 sanctorum.

576 3518 622 3573 Or.
638 3518 725 3587 Ppmt.
762 3517 824 3571 Duc
842 3516 929 3587 Siepel
951 3518 1060 3573 Utrirbs
1079 3518 1208 3586 88181188,
1226 3518 1278 3572 das
1295 3520 1387 3572 accite
1404 3519 1478 3584 seldt.
1516 3519 1593 3573 Lide.

575 3606 674 3661 Geor„-
692 3606 735 3672 Β,
754 3608 815 3673 220,
834 3607 904 3660 noch
929 3606 988 3660 dem
1013 3608 1069 3675 Or,
1097 3606 1214 3674 idcircor,
1234 3606 1259 3674 1,
1278 3609 1331 3660 454
1351 3608 1446 3661 cbcnso
1464 3608 1541 3672 (bier
1558 3607 1734 3672 uricdcrbolt).

578 3696 671 3750 Vera:
689 3694 794 3763 Scribo,
813 3694 857 3765 II,
877 3696 929 3751 No.
944 3700 1004 3763 765,
1033 3696 1134 3749 Arneb.
1154 3696 1244 3763 orco,
1263 3699 1324 3750 215.

360 4052 452 4129 503.
475 4061 539 4127 Dic
568 4064 675 4128 Storna
705 4061 899 4144 18888188,
931 4062 966 4125 F
966 4063 1118 4147 ricdbcrp,
1146 4064 1282 4129 ll'etelor
1314 4065 1378 4128 1881
1410 4063 1612 4128 (1818188881
1644 4064 1820 4128 certitudine
1850 4066 1918 4130 siclt
1952 4089 2019 4129 rom

476 4171 626 4235 8118118188
649 4176 678 4234 6.
695 4168 865 4234 December
888 4192 931 4234 88
954 4170 1018 4251 oros
1040 4176 1082 4235 1o
1106 4171 1217 4235 Jolrrc.
1265 4174 1352 4234 12⁸5
1375 4170 1545 4234 Deccrubcr
1569 4177 1598 4235 1.

468 4328 535 4393 Nos
554 4380 559 4392 .
580 4380 585 4393 .
604 4326 745 4408 officiati,
771 4327 906 4409 scabini,
933 4330 1082 4395 consules
1107 4332 1146 4394 de
1162 4330 1406 4409 Frankenvort,
1431 4329 1622 4413 Frideberg,
1637 4330 1808 4396 Wetllaria
1831 4334 2021 4415 811188118-

361 4436 464 4500 husen
488 4434 653 4515 ceterique
677 4436 852 4500 earundem
869 4434 1039 4501 civitatum
1056 4435 1154 4502 cives
1195 4437 1322 4503 Tenere
1340 4435 1543 4517 presencium
1560 4439 1603 4502 ad
1618 4437 1843 4503 universorum
1860 4438 2020 4506 noticiam

362 4540 507 4623 cupimus
538 4540 719 4623 pervenire,
744 4544 830 4622 quod
860 4561 919 4606 nos
949 4540 1188 4607 ordinationem
1218 4541 1287 4608 sive
1311 4541 1586 4623 prollmissionem
1609 4540 1867 4625 infrascriptam,
1893 4544 2022 4626 inqua

362 4647 604 4713 serenissimum
628 4647 790 4713 dominum
814 4654 961 4713 nostrum
979 4700 985 4713 .
1006 4700 1012 4711 .
1031 4649 1251 4713 Romanorum
1276 4668 1386 4731 regem
1409 4668 1474 4713 non
1497 4648 1692 4715 includimus
1713 4649 1900 4732 ullomodo,
1926 4653 2023 4719 volu-

360 4774 431 4820 mus
462 4761 495 4820 81
525 4754 744 4837 promittimus
774 4754 850 4819 fidei
879 4753 1011 4819 datione
1042 4760 1076 4819 et
1105 4754 1288 4820 iuramento
1318 4754 1513 4837 interposito
1543 4755 1577 4820 in
1608 4754 1747 4822 invicem
1770 4776 1791 4822 a
1815 4754 1902 4823 leste
1925 4760 2024 4826 beati

361 4860 498 4944 Nycolai
522 4881 607 4926 nunc
630 4861 776 4927 instante
801 4860 945 4941 proximo
970 4863 1013 4927 ad
1036 4858 1213 4943 spaltcium
1237 4864 1347 4927 decem
1372 4881 1531 4927 annorum
1554 4861 1719 4927 stabiliter
1742 4882 1781 4928 ac
1805 4862 2025 4932 indestructi-

360 4967 470 5034 biliter
494 4970 680 5035 Observare.
728 4967 761 5053 1)
785 4976 841 5041 1188
870 4974 935 5029 18118
963 4982 1014 5044 881,
1040 4975 1112 5043 quod
1139 4980 1251 5043 propter
1277 4976 1382 5031 nullius
1410 4992 1492 5031 cause
1520 4980 1649 5031 eventum
1676 4976 1735 5032 sive
1761 4978 1802 5031 rei
1826 4979 2025 5049 ingrueuciam

360 5081 487 5136 debemus
512 5077 553 5141 ab
577 5074 716 5142 invicem
739 5082 813 5137 inira
830 5081 977 5136 terminum
996 5088 1171 5151 prenotatum
1195 5075 1403 5157 aliquatenus
1424 5082 1554 5151 separari.
1589 5076 1623 5161 2)
1640 5084 1772 5138 Preterea
1788 5085 1812 5138 si
1825 5086 1918 5153 aliqua
1929 5087 2028 5143 111818·

359 5205 420 5244 rum
444 5187 630 5247 nostrarum
654 5191 824 5245 civitatum
843 5188 877 5243 ab
897 5190 1033 5257 aliquibus
1052 5189 1225 5245 inimicorum
1243 5206 1292 5245 seu
1310 5191 1460 5245 emulorum
1479 5190 1685 5260 gravaminibus
1699 5193 1757 5245 sive
1768 5192 1904 5248 molestiis
1916 5211 2027 5264 grara-

359 5301 443 5363 retur,
463 5300 606 5365 postquam
631 5296 710 5351 nobis
736 5296 786 5351 hoc
810 5296 968 5351 intimatum
994 5297 1086 5365 luerit,
1113 5313 1162 5352 888
1188 5299 1249 5365 ipsa
1275 5298 1438 5367 gravamina
1463 5305 1595 5366 tanquam
1621 5300 1732 5365 propria
1755 5306 1919 5366 reputantes
1942 5304 2029 5370 ipsos

359 5401 549 5456 meleiactores
568 5403 664 5457 statim
683 5402 864 5458 diffidabimus
883 5418 943 5457 cum
962 5403 1076 5459 civitate
1093 5404 1223 5460 iniuriam
1238 5404 1407 5468 sustinente;
1427 5403 1501 5471 ipsos
1514 5404 1597 5458 eciam
1612 5420 1673 5459 cum
1685 5404 1750 5474 11118,
1770 5404 1815 5472 qui
1828 5406 1903 5475 ipsos
1915 5417 2030 5467 castris

360 5509 417 5563 suis
442 5524 491 5564 seu
515 5508 660 5564 domiciliis
686 5512 743 5565 suis
768 5516 881 5565 servant
907 5510 950 5567 vel
976 5510 1069 5566 iovent
1094 5511 1305 5580 quibuscunque,
1325 5527 1342 5564 8
1360 5510 1482 5579 quolibet
1500 5518 1595 5565 nostre
1613 5511 1736 5567 civitatis
1755 5511 1823 5580 circ,
1843 5516 1922 5568 utin
1941 5518 2030 5575 nullo

359 5614 417 5668 loro
444 5614 501 5669 sive
520 5616 678 5671 vendicioue
700 5632 792 5671 rernm
817 5632 927 5671 suarum
946 5617 1047 5672 eisdem
1067 5618 1240 5686 subveniant,
1267 5610 1395 5677 omnino
1419 5618 1597 5674 secludamus.
1634 5620 1683 5673 Set
1700 5620 1724 5673 si
1743 5619 1842 5687 aliquis
1861 5636 1896 5674 cx
1913 5626 2032 5681 nostris

360 5720 525 5789 concivibus,
544 5721 611 5775 civis
631 5723 833 5793 qualiscunque,
852 5724 1074 5780 malefactoribus
1093 5724 1197 5780 talibus
1217 5740 1264 5779 seu
1284 5723 1358 5793 ipsos
1376 5726 1415 5781 sic
1434 5726 1610 5781 servantibus
1628 5726 1672 5782 vel
1690 5726 1848 5782 loveutibus
1866 5727 2036 5789 subsidium
