4400 6384
717 288 784 342 1255
803 289 909 343 ianuar
930 289 1014 343 111-
1036 289 1105 342 1255
1124 288 1200 341 littra
1221 290 1260 341 18.
1774 291 1816 353 93

162 490 284 553 Actum
308 506 393 553 auno
418 485 529 570 gracie
545 466 589 551 li.
608 466 668 553 ob.
687 469 767 567 Li',
793 486 1036 567 quartodecimo
1060 487 1127 553 kal.
1152 485 1321 568 februarii,
1346 485 1554 567 presentibus
1577 484 1640 551 hiis
1659 486 1815 551 testibus:

162 594 293 661 dominu
309 593 463 659 Bertoldo
488 593 605 659 comite
622 596 662 659 de
679 592 899 676 (ligenhagen,
925 593 1052 659 domiuo
1069 593 1238 660 Friderico
1255 597 1295 659 dc
1311 594 1496 675 Marthurg,
1521 591 1649 658 domino
1665 594 1688 658 J
1690 594 1818 659 ohanne

162 704 203 767 de
220 702 431 778 Husenstam,
449 702 607 766 Wernero
631 699 733 765 milite
757 701 797 765 de
814 700 1005 781 Colchusen,
1031 702 1204 766 Francone
1220 700 1321 766 milite
1337 704 1377 766 de
1393 700 1507 781 Morle,
1532 699 1697 765 Erlewino
1716 698 1818 765 milite

162 810 203 873 de
229 808 352 887 Draha,
378 808 401 873 J
403 807 532 873 ohanne
556 806 694 887 notario,
721 813 755 871 et
779 806 852 873 aliis
877 807 1132 889 quampluribus.

380 948 426 1003 Or.
440 949 527 1017 Ppmt.
547 948 596 1002 mit
608 947 750 1018 Siepelrert
769 966 806 1001 66
824 948 1005 1003 6-611661616666
1019 948 1248 1017 thppebchnur.
1273 949 1361 1015 Wien,
1373 947 1818 1003 Dmtsdardeus-Cmtratarcutv.

437 1038 531 1093 Vera:
549 1037 702 1108 Pellenepp,
721 1037 774 1091 No.
787 1040 848 1091 264.

380 1126 479 1181 Getta:
505 1127 550 1195 B,
569 1129 604 1181 94
630 1127 701 1180 6661
727 1126 786 1179 dem
816 1124 861 1179 Or.
876 1148 908 1171 =
924 1126 1087 1193 Hennes,1,
1109 1129 1168 1180 147.
1209 1126 1266 1196 Vpl.
1286 1128 1368 1193 Buri,
1394 1126 1591 1195 Bonuforotem
1615 1129 1657 1191 92,
1687 1126 1818 1190 Gntaner,

430 1216 569 1286 Beitrdpe,
588 1215 650 1284 III,
668 1219 710 1268 88.
749 1216 876 1285 6166666.-
898 1215 1021 1283 Thomas,
1043 1213 1169 1280 Oberhof,
1188 1219 1248 1268 436.

162 1455 256 1532 192.
286 1464 396 1530 Uirich
420 1486 478 1529 666
497 1465 703 1549 1116666169
728 1470 868 1529 eructuem
891 1468 996 1529 661666
1021 1469 1053 1528 io
1076 1466 1133 1530 der
1156 1466 1821 1549 6661966116166616661161166661766616161

281 1578 371 1637 66166
396 1572 618 1656 Zostimmuuq
647 1576 749 1636 seiher
774 1572 1074 1657 (161116116161616,
1101 1574 1245 1656 1661111191
1272 1573 1820 1656 661666661611168616616666661

281 1680 737 1760 6666666611ᾱὲ6,1666611616
761 1678 1121 1743 Ι)6·1116ν(61661661666.
1170 1686 1255 1744 1255
1280 1680 1411 1746 Juuuar
1435 1686 1487 1745 19.

273 1822 312 1886 In
336 1821 464 1887 nomine
489 1820 617 1903 domini,
644 1841 747 1887 amen.
784 1824 854 1906 Que
877 1821 961 1886 fiunt
978 1820 1012 1886 in
1029 1828 1185 1903 tempore,
1210 1841 1250 1887 ne
1267 1827 1441 1887 transeant
1457 1842 1529 1888 oum
1545 1829 1701 1904 tempore,
1727 1821 1821 1888 testi-

163 1926 272 1994 monio
296 1926 467 1994 literarum
491 1930 611 1993 debent
635 1928 829 2009 confirmari,
861 1935 897 1993 ut
928 1927 962 1992 in
985 1934 1153 2009 posterum
1184 1928 1379 2012 amalignis
1408 1928 1591 1994 hominibus
1621 1949 1686 1994 noo
1717 1928 1821 2011 possit

164 2034 330 2100 calumnia
358 2034 508 2115 suboriri,
535 2054 594 2118 ego
618 2034 720 2117 igitur
743 2034 875 2101 Ulricus
899 2038 938 2099 de
963 2034 1172 2100 Minzenberc
1189 2035 1213 2106 lt
1232 2042 1344 2101 notum
1368 2035 1454 2101 facio
1479 2036 1626 2101 omnibus
1650 2041 1820 2117 presentes

163 2141 307 2224 paginas
329 2140 538 2222 inspecturis,
564 2144 649 2221 quod
673 2142 800 2206 domum
824 2140 912 2206 illam
936 2140 969 2205 in
993 2140 1240 2223 Sasseiuhusen‚
1273 2162 1369 2222 quam
1393 2161 1478 2207 nunc
1501 2141 1625 2207 fratres
1648 2141 1821 2223 hospitalis

165 2254 282 2313 sancte
300 2246 325 2319 11
342 2246 447 2313 Marie
471 2250 511 2312 de
536 2245 648 2313 ordine
672 2250 785 2312 domus
801 2246 1002 2313 Theutonice
1025 2245 1223 2329 inhabitant,
1249 2268 1322 2315 cum
1345 2248 1493 2314 omnibus
1517 2247 1719 2331 appendiciis
1742 2248 1819 2329 suiS,

164 2354 268 2437 agris,
294 2353 406 2435 vineis,
432 2353 628 2433 nemoribus
654 2352 890 2436 piscationibus
914 2359 948 2417 ct
971 2352 1113 2434 pascuis
1139 2360 1173 2418 et
1197 2360 1409 2435 patronatum
1433 2354 1567 2420 ecclesie
1590 2353 1625 2419 in
1643 2352 1822 2419 Wllenstat

164 2480 241 2526 oum
264 2459 396 2525 decimis
420 2466 454 2526 et
477 2459 609 2525 dotibus
633 2466 666 2525 et
690 2459 809 2525 ceteris
833 2462 875 2525 ad
898 2460 949 2525 ius
973 2459 1110 2525 ecclesie
1134 2460 1384 2541 pertinentibus,
1410 2460 1495 2526 sicut
1518 2480 1539 2526 a
1561 2462 1646 2525 bone
1669 2459 1821 2525 memorie

164 2586 230 2633 avo
263 2586 333 2632 meo
367 2565 494 2632 domino
520 2567 652 2631 (lunone
686 2574 718 2631 et
753 2571 871 2647 patruo
896 2566 1028 2631 Ounoue
1062 2564 1212 2631 similiter
1243 2566 1391 2648 predicte
1424 2565 1531 2631 domui
1555 2565 1756 2632 Γ1166166166
1788 2572 1822 2631 61

164 2672 328 2739 fratribus
352 2672 475 2738 tradite
500 2678 585 2753 sunt,
612 2676 654 2737 ad
678 2672 883 2739 serviendum
907 2671 987 2736 inibi
1010 2674 1070 2736 deo
1096 2678 1129 2737 et
1153 2672 1362 2755 pauperibus,
1388 2675 1429 2738 ad
1446 2674 1638 2738 sectandam
1652 2671 1822 2754 hospitali-

165 2787 280 2860 tatem,
306 2785 339 2845 et
369 2782 411 2843 ad
442 2781 627 2844 exercenda
650 2798 751 2860 opera
774 2777 995 2843 misericordie
1019 2784 1052 2843 et
1077 2781 1119 2843 ad
1143 2778 1322 2844 subsidium
1345 2785 1434 2844 terre
1458 2784 1590 2860 sancte,
1624 2778 1703 2843 licet
1726 2785 1822 2861 pater

165 2906 258 2952 meus
283 2885 334 2968 pie
358 2884 596 2951 recordationis
620 2884 767 2951 dominus
784 2884 925 2966 Uhr'ous‚
951 2891 984 2950 et
1007 2882 1114 2950 frater
1136 2904 1227 2951 meus
1244 2887 1334 2951 Ouno
1358 2883 1542 2966 defunctus,
1568 2892 1599 2949 et
1617 2904 1677 2967 ego
1694 2884 1823 2950 donati-

166 3012 263 3059 onem
296 2990 459 3074 prelatum
493 3012 513 3057 a
545 2991 703 3074 predictis
736 2991 929 3073 parentibus
952 2998 986 3057 et
1009 2992 1274 3057 antecessoribus
1306 2992 1429 3057 nostris
1460 2990 1585 3058 factam
1617 2998 1726 3057 ratam
1758 3011 1823 3057 non

165 3098 377 3164 habuerimus
409 3103 443 3163 et
472 3096 772 3181 impugnaverimus
802 3117 884 3178 eam,
919 3104 1085 3179 tamquam
1115 3097 1208 3164 faeta
1238 3096 1338 3164 luerit
1366 3119 1431 3164 noo
1454 3097 1528 3179 rite,
1553 3098 1631 3178 quia
1662 3118 1748 3164 nunc
1781 3098 1823 3164 ad

165 3225 219 3271 me
243 3203 346 3270 omnis
370 3204 468 3286 actio,
499 3211 537 3269 ut
560 3204 657 3270 michi
679 3203 785 3271 visum
809 3212 868 3286 est,
900 3211 951 3269 est
974 3204 1139 3286 devoluta,
1171 3205 1326 3271 renuntio
1351 3205 1479 3271 omnino
1500 3204 1566 3270 iuri
1595 3224 1676 3284 meo,
1709 3204 1823 3286 siquod

165 3311 270 3377 habui
291 3310 345 3377 vel
366 3312 488 3377 habere
512 3310 603 3377 visus
627 3330 706 3392 sum,
739 3318 875 3393 propter
905 3314 1000 3377 deum
1031 3317 1064 3376 et
1095 3311 1233 3377 salutem
1258 3311 1364 3377 anime
1387 3331 1467 3392 mee,
1498 3311 1548 3377 ita
1571 3313 1743 3391 duntaxat,
1774 3317 1821 3392 ut,

166 3418 255 3484 sicut
279 3417 461 3498 antiquitus
485 3424 536 3483 est
559 3423 730 3499 statutum,
756 3436 857 3499 opera
879 3416 1100 3484 misericordie
1125 3424 1160 3483 et
1174 3418 1385 3500 hospitalitas
1401 3418 1435 3483 in
1452 3436 1614 3500 pauperes
1630 3424 1824 3483 exerceatur

166 3525 299 3605 ibidem,
331 3544 391 3590 nec
415 3524 587 3606 quicquam
611 3544 651 3589 ex
675 3524 725 3589 his
750 3528 916 3607 depereat,
948 3544 989 3590 ne
1013 3524 1134 3605 aliquid
1159 3524 1273 3591 videar
1296 3528 1356 3590 deo
1388 3524 1582 3590 subtrahere
1606 3528 1646 3589 de
1669 3523 1729 3604 his,
1762 3542 1823 3604 que

166 3631 336 3714 pertinent
360 3630 540 3713 adipsum,
573 3628 707 3696 contero
731 3630 878 3713 predicte
902 3630 1010 3696 domui
1033 3630 1143 3712 quiete
1169 3630 1377 3712 possidenda,
1408 3629 1603 3712 promittens
1623 3631 1720 3695 ‘bona
1749 3631 1821 3711 lide,

167 3740 256 3819 quod
280 3736 365 3818 siqui
388 3739 428 3803 de
452 3737 625 3803 heredibus
650 3744 708 3803 aut
731 3737 946 3803 coheredibus
961 3736 1040 3802 meis
1060 3737 1218 3819 impetere
1234 3737 1365 3819 vellent,
1391 3741 1476 3818 quod
1497 3736 1593 3818 absit,
1619 3743 1653 3801 et
1668 3735 1824 3817 impedire

168 3842 379 3911 elemosinam
409 3851 581 3926 parentum
605 3850 800 3925 nostrorum,
833 3863 958 3909 omnem
988 3844 1162 3909 removebo
1191 3842 1352 3909 actionem
1383 3849 1417 3909 et
1446 3843 1583 3909 salvabo
1614 3850 1648 3908 et
1676 3842 1824 3908 liberabo

168 3951 217 4017 eis
248 3950 417 4032 sepedicta
445 3952 533 4017 bona
563 3950 680 4031 omnia,
706 3969 949 4032 equorumque
979 3948 1104 4015 luerint
1133 3948 1292 4031 impetita.
1340 3950 1387 4015 Ut
1417 3957 1525 4014 autem
1549 3950 1609 4014 hec
1632 3948 1826 4015 inconvulsa

167 4064 204 4123 61
225 4056 422 4123 inconcussa
446 4059 608 4123 habeatur
631 4056 768 4123 donacio
793 4056 862 4123 sive
885 4055 965 4122 iuris
989 4056 1052 4122 mei
1076 4056 1324 4122 abrenunciatio
1351 4055 1421 4122 sive
1451 4054 1646 4137 composicio
1676 4056 1730 4123 vel
1760 4054 1825 4120 alio

168 4182 362 4245 quocunque
377 4163 504 4230 nomine
521 4169 704 4246 censeatur,
730 4170 914 4246 presentem
930 4162 1084 4246 paginam
1106 4161 1205 4246 sigilli
1225 4162 1289 4229 mei
1305 4161 1504 4244 appensione
1520 4162 1608 4229 volui
1625 4160 1823 4228 communiri.

168 4274 258 4335 Acta
274 4277 351 4336 sunt
368 4271 427 4336 hec
444 4274 484 4336 de
496 4272 596 4337 verbo
610 4278 644 4337 61
657 4289 817 4336 consensu
830 4269 948 4334 dilecte
961 4267 1109 4352 coniugis
1121 4289 1191 4335 mee
1203 4268 1372 4352 Helwigis
1387 4288 1472 4334 anno
1485 4268 1597 4352 gracie
1609 4270 1653 4334 M.
1667 4270 1728 4335 CC.
1742 4268 1823 4348 LV,

167 4376 262 4441 XIV.
287 4376 448 4443 kalendas
472 4375 640 4456 februarii,
666 4376 874 4459 presentibus
899 4375 1049 4457 testibus,
1075 4375 1203 4441 domino
1220 4376 1376 4441 Bertoldo
1401 4375 1517 4441 comite
1536 4379 1577 4440 de
1593 4375 1823 4459 Gygenhagen,

168 4481 300 4547 domino
331 4482 499 4549 Friderioo
531 4486 570 4548 de
600 4484 772 4564 Marburo,
804 4481 932 4547 domino
963 4482 1116 4548 Johanne
1147 4485 1186 4547 de
1215 4481 1424 4562 Husinstam,
1456 4482 1614 4547 Wernero
1648 4479 1750 4546 milite
1785 4480 1825 4545 de

168 4588 385 4670 Colenhusen,
409 4590 582 4656 Franoone
605 4587 706 4655 milite
731 4592 770 4654 de
785 4588 900 4669 Morle,
925 4587 1101 4655 Eberwino
1125 4587 1227 4653 milite
1250 4591 1290 4653 de
1307 4588 1431 4669 Draha,
1456 4588 1609 4654 Johanne
1632 4587 1772 4668 notario,
1791 4592 1826 4651 et

167 4693 245 4761 aliis
269 4714 366 4775 quam
390 4695 546 4776 pluribus.

387 4836 433 4891 Or.
447 4836 534 4907 Ppmt.
561 4836 625 4890 Das
643 4835 732 4905 Stupet
749 4836 786 4890 ist
803 4853 856 4891 666
874 4836 926 4889 deu
944 4835 1076 4906 6611-9611
1094 4836 1220 4891 satiem
1239 4836 1338 4890 Fdden
1357 4836 1519 4905 6196616666.
1550 4834 1590 4889 St.
1603 4835 1637 4889 A.
1653 4834 1825 4889 Durruatudt.

439 4956 472 4962 —
497 4925 556 4980 Vua
575 4925 738 4981 Nutbusias.

387 5014 486 5068 Getta:
503 5014 593 5081 Baur,
613 5014 691 5069 Η666.
711 5014 783 5083 Uria,
802 5014 827 5079 I,
848 5018 883 5068 77
900 5014 1019 5082 96161661.
1057 5014 1140 5069 Dieuc
1162 5014 1407 5069 11616616161161
1427 5014 1532 5082 Scribo,
1552 5014 1596 5081 II,
1615 5013 1669 5067 No.
1683 5017 1736 5067 466
1754 5012 1827 5080 irrip

437 5119 592 5157 6666666666
609 5104 659 5157 orit
677 5104 726 5157 der
743 5104 855 5173 ooripeo
872 5103 1045 5158 6666161661.

168 5341 264 5418 193.
289 5350 399 5436 Kduip
426 5352 569 5417 ll'ilhelou
592 5352 808 5417 6616611166
831 5352 963 5418 Klostcr
980 5353 1088 5417 Theou
1111 5354 1199 5419 66616
1217 5353 1331 5437 Priape
1354 5354 1487 5417 6616666
1505 5351 1601 5416 Laod
1623 5356 1657 5415 r'n
1680 5351 1749 5414 deut
1772 5350 1826 5415 61-

288 5460 447 5543 96161666
479 5459 585 5523 Theile
616 5459 670 5524 des
696 5459 822 5524 Wuddes
854 5459 985 5525 Lindon
1018 5462 1065 5524 161
1094 5460 1288 5541 Frunlfurt,
1321 5465 1412 5523 66166·
1439 5459 1607 5523 Vorbehult
1637 5457 1693 5521 der
1721 5456 1826 5520 116161·-

290 5568 472 5651 erruerbuuy
495 5567 554 5648 fiir
578 5571 642 5631 100
659 5566 767 5631 Murio.
817 5566 1028 5645 Geluhuusme,
1054 5572 1141 5631 1255
1165 5567 1339 5631 1166616.

280 5708 460 5774 Willelmus
484 5708 536 5774 dei
559 5708 674 5791 gracia
697 5709 917 5775 Romanorum
941 5730 999 5775 rex
1024 5729 1152 5789 semper
1176 5714 1345 5791 augustus.
1393 5705 1565 5774 Universis
1590 5706 1677 5771 sacri
1700 5704 1828 5788 imperii
