<?xml version="1.0" encoding="UTF-8"?>
<!DOCTYPE html PUBLIC "-//W3C//DTD XHTML 1.0 Transitional//EN"
    "http://www.w3.org/TR/xhtml1/DTD/xhtml1-transitional.dtd">
<html xmlns="http://www.w3.org/1999/xhtml" xml:lang="en" lang="en">
 <head>
  <title>
</title>
<meta http-equiv="Content-Type" content="text/html;charset=utf-8" />
  <meta name='ocr-system' content='tesseract 3.04.00' />
  <meta name='ocr-capabilities' content='ocr_page ocr_carea ocr_par ocr_line ocrx_word'/>
</head>
<body>
  <div class='ocr_page' id='page_1' title='image "./codexdiplomatic00nathgoog_0145.png"; bbox 0 0 4400 6384; ppageno 0'>
   <div class='ocr_carea' id='block_1_1' title="bbox 708 316 1844 385">
    <p class='ocr_par' dir='ltr' id='par_1_1' title="bbox 708 316 1844 385">
     <span class='ocr_line' id='line_1_1' title="bbox 708 316 1844 385; baseline 0.014 -16"><span class='ocrx_word' id='word_1_1' title='bbox 708 316 776 370; x_wconf 81' lang='grc'><strong>1266</strong></span> <span class='ocrx_word' id='word_1_2' title='bbox 796 316 953 384; x_wconf 72' lang='lat' dir='ltr'>September</span> <span class='ocrx_word' id='word_1_3' title='bbox 972 318 1007 371; x_wconf 80' lang='lat'>28</span> <span class='ocrx_word' id='word_1_4' title='bbox 1027 348 1059 355; x_wconf 99' lang='lat'>-</span> <span class='ocrx_word' id='word_1_5' title='bbox 1081 317 1149 371; x_wconf 80' lang='lat'><strong>1267</strong></span> <span class='ocrx_word' id='word_1_6' title='bbox 1168 316 1292 371; x_wconf 82' lang='lat' dir='ltr'>Februar</span> <span class='ocrx_word' id='word_1_7' title='bbox 1310 318 1334 370; x_wconf 93' lang='lat'>1.</span> <span class='ocrx_word' id='word_1_8' title='bbox 1781 321 1844 385; x_wconf 77' lang='lat'>129</span> 
     </span>
    </p>
   </div>
   <div class='ocr_carea' id='block_1_2' title="bbox 183 510 1845 1023">
    <p class='ocr_par' dir='ltr' id='par_1_2' title="bbox 183 510 1845 1023">
     <span class='ocr_line' id='line_1_2' title="bbox 185 510 1845 597; baseline 0.002 -22"><span class='ocrx_word' id='word_1_9' title='bbox 185 510 319 576; x_wconf 89' lang='lat' dir='ltr'>novalia</span> <span class='ocrx_word' id='word_1_10' title='bbox 343 511 549 578; x_wconf 81' lang='lat' dir='ltr'>continencia</span> <span class='ocrx_word' id='word_1_11' title='bbox 572 513 655 580; x_wconf 88' lang='lat' dir='ltr'>bene</span> <span class='ocrx_word' id='word_1_12' title='bbox 680 520 809 579; x_wconf 89' lang='lat' dir='ltr'>centum</span> <span class='ocrx_word' id='word_1_13' title='bbox 833 520 867 579; x_wconf 90' lang='lat' dir='ltr'>et</span> <span class='ocrx_word' id='word_1_14' title='bbox 892 512 986 594; x_wconf 91' lang='lat' dir='ltr'>plura</span> <span class='ocrx_word' id='word_1_15' title='bbox 1009 513 1134 597; x_wconf 87' lang='lat' dir='ltr'>iugera,</span> <span class='ocrx_word' id='word_1_16' title='bbox 1160 518 1199 580; x_wconf 91' lang='lat' dir='ltr'>de</span> <span class='ocrx_word' id='word_1_17' title='bbox 1224 534 1360 595; x_wconf 92' lang='lat' dir='ltr'>quorum</span> <span class='ocrx_word' id='word_1_18' title='bbox 1384 514 1547 595; x_wconf 78' lang='lat' dir='ltr'>aliquibus</span> <span class='ocrx_word' id='word_1_19' title='bbox 1570 522 1608 580; x_wconf 90' lang='lat' dir='ltr'>ut</span> <span class='ocrx_word' id='word_1_20' title='bbox 1631 514 1752 581; x_wconf 86' lang='lat' dir='ltr'>dicitur</span> <span class='ocrx_word' id='word_1_21' title='bbox 1767 522 1845 581; x_wconf 88' lang='lat' dir='ltr'>sunt</span> 
     </span>
     <span class='ocr_line' id='line_1_3' title="bbox 184 616 1844 705; baseline 0.003 -22"><span class='ocrx_word' id='word_1_22' title='bbox 184 616 328 699; x_wconf 88' lang='lat' dir='ltr'>quinque</span> <span class='ocrx_word' id='word_1_23' title='bbox 358 619 400 684; x_wconf 90' lang='lat' dir='ltr'>ab</span> <span class='ocrx_word' id='word_1_24' title='bbox 429 618 511 701; x_wconf 91' lang='lat' dir='ltr'>ipsis</span> <span class='ocrx_word' id='word_1_25' title='bbox 542 625 677 701; x_wconf 80' lang='lat' dir='ltr'>accepte</span> <span class='ocrx_word' id='word_1_26' title='bbox 708 619 839 686; x_wconf 91' lang='lat' dir='ltr'>decime.</span> <span class='ocrx_word' id='word_1_27' title='bbox 888 623 1086 705; x_wconf 75' lang='lat' dir='ltr'>Quocunque</span> <span class='ocrx_word' id='word_1_28' title='bbox 1118 620 1220 687; x_wconf 89' lang='lat' dir='ltr'>eciam</span> <span class='ocrx_word' id='word_1_29' title='bbox 1251 621 1383 688; x_wconf 88' lang='lat' dir='ltr'>novalia</span> <span class='ocrx_word' id='word_1_30' title='bbox 1411 624 1616 703; x_wconf 89' lang='lat' dir='ltr'>postmodum</span> <span class='ocrx_word' id='word_1_31' title='bbox 1640 621 1844 688; x_wconf 81' lang='lat' dir='ltr'>surrexerint</span> 
     </span>
     <span class='ocr_line' id='line_1_4' title="bbox 185 709 1844 809; baseline 0.003 -20"><span class='ocrx_word' id='word_1_32' title='bbox 185 724 315 805; x_wconf 86' lang='lat' dir='ltr'>ibidem,</span> <span class='ocrx_word' id='word_1_33' title='bbox 341 724 440 791; x_wconf 89' lang='lat' dir='ltr'>nichil</span> <span class='ocrx_word' id='word_1_34' title='bbox 468 725 502 791; x_wconf 91' lang='lat' dir='ltr'>in</span> <span class='ocrx_word' id='word_1_35' title='bbox 532 725 613 807; x_wconf 91' lang='lat' dir='ltr'>ipsis</span> <span class='ocrx_word' id='word_1_36' title='bbox 645 726 812 792; x_wconf 88' lang='lat' dir='ltr'>habebunt</span> <span class='ocrx_word' id='word_1_37' title='bbox 835 725 926 808; x_wconf 89' lang='lat' dir='ltr'>iuris,</span> <span class='ocrx_word' id='word_1_38' title='bbox 952 734 985 791; x_wconf 87' lang='lat' dir='ltr'>et</span> <span class='ocrx_word' id='word_1_39' title='bbox 1009 727 1140 793; x_wconf 85' lang='lat' dir='ltr'>termini</span> <span class='ocrx_word' id='word_1_40' title='bbox 1164 709 1391 809; x_wconf 71' lang='lat' dir='ltr'>predictorum¹</span> <span class='ocrx_word' id='word_1_41' title='bbox 1407 728 1572 794; x_wconf 88' lang='lat' dir='ltr'>novahum</span> <span class='ocrx_word' id='word_1_42' title='bbox 1595 736 1673 793; x_wconf 90' lang='lat' dir='ltr'>sunt</span> <span class='ocrx_word' id='word_1_43' title='bbox 1696 728 1844 794; x_wconf 89' lang='lat' dir='ltr'>omnibus</span> 
     </span>
     <span class='ocr_line' id='line_1_5' title="bbox 183 830 1842 917; baseline 0.003 -22"><span class='ocrx_word' id='word_1_44' title='bbox 183 830 218 895; x_wconf 94' lang='lat' dir='ltr'>in</span> <span class='ocrx_word' id='word_1_45' title='bbox 242 830 420 899; x_wconf 88' lang='lat' dir='ltr'>Ovenbach</span> <span class='ocrx_word' id='word_1_46' title='bbox 446 832 524 899; x_wconf 93' lang='lat' dir='ltr'>noti.</span> <span class='ocrx_word' id='word_1_47' title='bbox 572 833 672 899; x_wconf 90' lang='lat' dir='ltr'>Dicta</span> <span class='ocrx_word' id='word_1_48' title='bbox 696 840 773 899; x_wconf 88' lang='lat' dir='ltr'>sunt</span> <span class='ocrx_word' id='word_1_49' title='bbox 796 834 856 899; x_wconf 91' lang='lat' dir='ltr'>hec</span> <span class='ocrx_word' id='word_1_50' title='bbox 880 840 913 899; x_wconf 91' lang='lat' dir='ltr'>et</span> <span class='ocrx_word' id='word_1_51' title='bbox 937 834 1126 917; x_wconf 89' lang='lat' dir='ltr'>conscripta</span> <span class='ocrx_word' id='word_1_52' title='bbox 1149 853 1234 900; x_wconf 89' lang='lat' dir='ltr'>anuo</span> <span class='ocrx_word' id='word_1_53' title='bbox 1259 834 1380 901; x_wconf 93' lang='lat' dir='ltr'>domini</span> <span class='ocrx_word' id='word_1_54' title='bbox 1403 834 1553 917; x_wconf 85' lang='lat' dir='ltr'>superius</span> <span class='ocrx_word' id='word_1_55' title='bbox 1576 835 1674 917; x_wconf 87' lang='lat' dir='ltr'>dicto,</span> <span class='ocrx_word' id='word_1_56' title='bbox 1699 834 1733 900; x_wconf 91' lang='lat' dir='ltr'>in</span> <span class='ocrx_word' id='word_1_57' title='bbox 1756 832 1842 900; x_wconf 78' lang='lat' dir='ltr'>festo</span> 
     </span>
     <span class='ocr_line' id='line_1_6' title="bbox 184 937 1086 1023; baseline 0.006 -21"><span class='ocrx_word' id='word_1_58' title='bbox 184 937 276 1003; x_wconf 88' lang='lat' dir='ltr'>beati</span> <span class='ocrx_word' id='word_1_59' title='bbox 299 938 420 1005; x_wconf 86' lang='lat' dir='ltr'>Jacobi</span> <span class='ocrx_word' id='word_1_60' title='bbox 442 939 593 1022; x_wconf 87' lang='lat' dir='ltr'>apostoli,</span> <span class='ocrx_word' id='word_1_61' title='bbox 619 939 776 1023; x_wconf 84' lang='lat' dir='ltr'>magistro</span> <span class='ocrx_word' id='word_1_62' title='bbox 801 940 899 1005; x_wconf 92' lang='lat' dir='ltr'>Petro</span> <span class='ocrx_word' id='word_1_63' title='bbox 924 947 1086 1023; x_wconf 88' lang='lat' dir='ltr'>presente.</span> 
     </span>
    </p>
   </div>
   <div class='ocr_carea' id='block_1_3' title="bbox 403 1082 1845 1328">
    <p class='ocr_par' dir='ltr' id='par_1_3' title="bbox 403 1082 1845 1328">
     <span class='ocr_line' id='line_1_7' title="bbox 403 1082 1845 1153; baseline 0.001 -18"><span class='ocrx_word' id='word_1_64' title='bbox 403 1082 609 1151; x_wconf 76' lang='lat' dir='ltr'>eeur.:13aur,</span> <span class='ocrx_word' id='word_1_65' title='bbox 628 1082 706 1137; x_wconf 76' lang='lat' dir='ltr'>Heus.</span> <span class='ocrx_word' id='word_1_66' title='bbox 722 1082 795 1150; x_wconf 73' lang='lat' dir='ltr'>Urit,</span> <span class='ocrx_word' id='word_1_67' title='bbox 815 1082 840 1149; x_wconf 86' lang='lat'>1,</span> <span class='ocrx_word' id='word_1_68' title='bbox 860 1086 902 1147; x_wconf 87' lang='lat'>33,</span> <span class='ocrx_word' id='word_1_69' title='bbox 922 1084 992 1137; x_wconf 80' lang='lat' dir='ltr'>nach</span> <span class='ocrx_word' id='word_1_70' title='bbox 1011 1084 1187 1153; x_wconf 82' lang='lat' dir='ltr'>Kopialbucb</span> <span class='ocrx_word' id='word_1_71' title='bbox 1204 1102 1257 1138; x_wconf 82' lang='lat' dir='ltr'>von</span> <span class='ocrx_word' id='word_1_72' title='bbox 1275 1084 1314 1140; x_wconf 71' lang='lat' dir='ltr'>St.</span> <span class='ocrx_word' id='word_1_73' title='bbox 1330 1085 1417 1139; x_wconf 79' lang='lat' dir='ltr'>Peter.</span> <span class='ocrx_word' id='word_1_74' title='bbox 1455 1085 1495 1140; x_wconf 86' lang='lat' dir='ltr'>St.</span> <span class='ocrx_word' id='word_1_75' title='bbox 1511 1088 1545 1139; x_wconf 80' lang='lat' dir='ltr'>A.</span> <span class='ocrx_word' id='word_1_76' title='bbox 1560 1085 1733 1140; x_wconf 81' lang='lat' dir='ltr'>Darmetadt.</span> <span class='ocrx_word' id='word_1_77' title='bbox 1772 1084 1845 1138; x_wconf 82' lang='lat' dir='ltr'>Hier</span> 
     </span>
     <span class='ocr_line' id='line_1_8' title="bbox 452 1172 615 1225; baseline -0.006 0"><span class='ocrx_word' id='word_1_78' title='bbox 452 1172 615 1225; x_wconf 83' lang='lat' dir='ltr'>wiederholt.</span> 
     </span>
     <span class='ocr_line' id='line_1_9' title="bbox 404 1260 804 1328; baseline 0 -15"><span class='ocrx_word' id='word_1_79' title='bbox 404 1260 498 1314; x_wconf 70' lang='lat' dir='ltr'>Vera:</span> <span class='ocrx_word' id='word_1_80' title='bbox 516 1260 621 1327; x_wconf 81' lang='lat' dir='ltr'>Scriba,</span> <span class='ocrx_word' id='word_1_81' title='bbox 638 1261 804 1328; x_wconf 70' lang='lat' dir='ltr'>1,lv0.475.</span> 
     </span>
    </p>
   </div>
   <div class='ocr_carea' id='block_1_4' title="bbox 183 1565 1846 2087">
    <p class='ocr_par' dir='ltr' id='par_1_4' title="bbox 183 1565 1846 2087">
     <span class='ocr_line' id='line_1_10' title="bbox 183 1565 1845 1657; baseline 0.001 -17"><span class='ocrx_word' id='word_1_82' title='bbox 183 1565 277 1642; x_wconf 80' lang='grc'><strong>263.</strong></span> <span class='ocrx_word' id='word_1_83' title='bbox 301 1576 504 1655; x_wconf 77' lang='lat' dir='ltr'>Schultheiss,</span> <span class='ocrx_word' id='word_1_84' title='bbox 530 1576 685 1657; x_wconf 69' lang='lat' dir='ltr'>Sebiiffenq</span> <span class='ocrx_word' id='word_1_85' title='bbox 718 1576 804 1640; x_wconf 60' lang='lat' dir='ltr'>Rieu</span> <span class='ocrx_word' id='word_1_86' title='bbox 839 1576 903 1639; x_wconf 77' lang='lat' dir='ltr'>renel</span> <span class='ocrx_word' id='word_1_87' title='bbox 935 1576 986 1639; x_wconf 81' lang='lat' dir='ltr'>die</span> <span class='ocrx_word' id='word_1_88' title='bbox 1012 1576 1181 1639; x_wconf 58' lang='lat' dir='ltr'>(senioque</span> <span class='ocrx_word' id='word_1_89' title='bbox 1210 1598 1251 1639; x_wconf 72' lang='lat' dir='ltr'>en</span> <span class='ocrx_word' id='word_1_90' title='bbox 1275 1574 1460 1656; x_wconf 75' lang='lat' dir='ltr'>Frunlcfeui</span> <span class='ocrx_word' id='word_1_91' title='bbox 1490 1577 1652 1653; x_wconf 71' lang='lat' dir='ltr'>bel‘euueu,</span> <span class='ocrx_word' id='word_1_92' title='bbox 1684 1578 1761 1641; x_wconf 73' lang='lat' dir='ltr'>cluss</span> <span class='ocrx_word' id='word_1_93' title='bbox 1789 1578 1845 1641; x_wconf 82' lang='lat' dir='ltr'>der</span> 
     </span>
     <span class='ocr_line' id='line_1_11' title="bbox 300 1682 1845 1769; baseline 0.003 -24"><span class='ocrx_word' id='word_1_94' title='bbox 300 1684 456 1747; x_wconf 60' lang='lat' dir='ltr'>escheden</span> <span class='ocrx_word' id='word_1_95' title='bbox 471 1684 564 1747; x_wconf 75' lang='lat' dir='ltr'>ibrum-</span> <span class='ocrx_word' id='word_1_96' title='bbox 589 1684 653 1747; x_wconf 75' lang='lat' dir='ltr'>irrui</span> <span class='ocrx_word' id='word_1_97' title='bbox 669 1682 834 1747; x_wconf 80' lang='lat' dir='ltr'>Reinburd</span> <span class='ocrx_word' id='word_1_98' title='bbox 860 1683 965 1747; x_wconf 85' lang='lat' dir='ltr'>Herru</span> <span class='ocrx_word' id='word_1_99' title='bbox 992 1706 1049 1747; x_wconf 84' lang='lat' dir='ltr'>eon</span> <span class='ocrx_word' id='word_1_100' title='bbox 1064 1684 1188 1748; x_wconf 78' lang='grc' dir='ltr'>Ηιιιιιιιι</span> <span class='ocrx_word' id='word_1_101' title='bbox 1213 1684 1396 1748; x_wconf 71' lang='lat' dir='ltr'>lustri-erlem</span> <span class='ocrx_word' id='word_1_102' title='bbox 1412 1685 1507 1747; x_wconf 77' lang='lat' dir='ltr'>suec</span> <span class='ocrx_word' id='word_1_103' title='bbox 1527 1684 1627 1747; x_wconf 72' lang='lat' dir='ltr'>(tolvia</span> <span class='ocrx_word' id='word_1_104' title='bbox 1648 1685 1845 1769; x_wconf 73' lang='lat' dir='ltr'>peseble&#39;rbtet</span> 
     </span>
     <span class='ocr_line' id='line_1_12' title="bbox 302 1790 1842 1879; baseline 0.001 -26"><span class='ocrx_word' id='word_1_105' title='bbox 302 1790 426 1854; x_wconf 72' lang='lat' dir='ltr'>uuerden</span> <span class='ocrx_word' id='word_1_106' title='bbox 453 1796 508 1868; x_wconf 81' lang='lat' dir='ltr'>sci,</span> <span class='ocrx_word' id='word_1_107' title='bbox 533 1791 610 1855; x_wconf 77' lang='lat' dir='ltr'>dress</span> <span class='ocrx_word' id='word_1_108' title='bbox 634 1794 680 1855; x_wconf 83' lang='lat' dir='ltr'>sic</span> <span class='ocrx_word' id='word_1_109' title='bbox 702 1791 876 1854; x_wconf 76' lang='lat' dir='ltr'>oleruselben</span> <span class='ocrx_word' id='word_1_110' title='bbox 898 1796 964 1853; x_wconf 73' lang='lat'>200</span> <span class='ocrx_word' id='word_1_111' title='bbox 990 1790 1088 1855; x_wconf 62' lang='lat' dir='ltr'>,niort</span> <span class='ocrx_word' id='word_1_112' title='bbox 1111 1790 1223 1855; x_wconf 78' lang='lat' dir='ltr'>eerbleu</span> <span class='ocrx_word' id='word_1_113' title='bbox 1247 1790 1320 1854; x_wconf 84' lang='lat' dir='ltr'>oder</span> <span class='ocrx_word' id='word_1_114' title='bbox 1344 1790 1392 1854; x_wconf 86' lang='lat' dir='ltr'>bis</span> <span class='ocrx_word' id='word_1_115' title='bbox 1414 1812 1475 1854; x_wconf 76' lang='lat' dir='ltr'>eur</span> <span class='ocrx_word' id='word_1_116' title='bbox 1499 1790 1647 1879; x_wconf 78' lang='lat' dir='ltr'>Zublunp</span> <span class='ocrx_word' id='word_1_117' title='bbox 1674 1794 1842 1878; x_wconf 73' lang='lat' dir='ltr'>nereensem</span> 
     </span>
     <span class='ocr_line' id='line_1_13' title="bbox 301 1896 1846 1979; baseline 0.001 -18"><span class='ocrx_word' id='word_1_118' title='bbox 301 1896 394 1961; x_wconf 74' lang='lat' dir='ltr'>Aureli</span> <span class='ocrx_word' id='word_1_119' title='bbox 419 1898 617 1978; x_wconf 73' lang='lat' dir='ltr'>uerpslicbten</span> <span class='ocrx_word' id='word_1_120' title='bbox 640 1900 685 1961; x_wconf 82' lang='lat' dir='ltr'>sie</span> <span class='ocrx_word' id='word_1_121' title='bbox 709 1897 776 1960; x_wconf 81' lang='lat' dir='ltr'>sich</span> <span class='ocrx_word' id='word_1_122' title='bbox 802 1902 890 1960; x_wconf 76' lang='lat' dir='ltr'>venter</span> <span class='ocrx_word' id='word_1_123' title='bbox 913 1896 1023 1977; x_wconf 79' lang='lat' dir='ltr'>Strofe</span> <span class='ocrx_word' id='word_1_124' title='bbox 1046 1920 1107 1961; x_wconf 70' lang='lat' dir='ltr'>eron</span> <span class='ocrx_word' id='word_1_125' title='bbox 1131 1903 1195 1961; x_wconf 84' lang='lat'>100</span> <span class='ocrx_word' id='word_1_126' title='bbox 1211 1898 1311 1961; x_wconf 75' lang='lat' dir='ltr'>hlarl·</span> <span class='ocrx_word' id='word_1_127' title='bbox 1338 1897 1397 1978; x_wconf 74' lang='lat' dir='ltr'>fiir</span> <span class='ocrx_word' id='word_1_128' title='bbox 1418 1897 1514 1977; x_wconf 82' lang='lat' dir='ltr'>jedeu</span> <span class='ocrx_word' id='word_1_129' title='bbox 1539 1897 1713 1979; x_wconf 75' lang='lat' dir='ltr'>Eineelfall</span> <span class='ocrx_word' id='word_1_130' title='bbox 1735 1899 1846 1962; x_wconf 65' lang='lat' dir='ltr'>leiren</span> 
     </span>
     <span class='ocr_line' id='line_1_14' title="bbox 300 2003 1518 2087; baseline 0 -20"><span class='ocrx_word' id='word_1_131' title='bbox 300 2007 403 2067; x_wconf 83' lang='lat' dir='ltr'>sciner</span> <span class='ocrx_word' id='word_1_132' title='bbox 426 2003 610 2087; x_wconf 77' lang='lat' dir='ltr'>Eipenleute</span> <span class='ocrx_word' id='word_1_133' title='bbox 632 2026 705 2067; x_wconf 73' lang='grc' dir='ltr'>ειιιιι</span> <span class='ocrx_word' id='word_1_134' title='bbox 730 2003 860 2087; x_wconf 81' lang='lat' dir='ltr'>Brirper</span> <span class='ocrx_word' id='word_1_135' title='bbox 883 2005 1107 2067; x_wconf 65' lang='lat' dir='ltr'>attenuebant.</span> <span class='ocrx_word' id='word_1_136' title='bbox 1157 2010 1244 2068; x_wconf 72' lang='lat'><strong><em>1266</em></strong></span> <span class='ocrx_word' id='word_1_137' title='bbox 1267 2005 1443 2086; x_wconf 69' lang='lat' dir='ltr'>Septem-ber</span> <span class='ocrx_word' id='word_1_138' title='bbox 1464 2008 1518 2067; x_wconf 78' lang='lat'>28.</span> 
     </span>
    </p>
   </div>
   <div class='ocr_carea' id='block_1_5' title="bbox 181 2145 1846 4276">
    <p class='ocr_par' dir='ltr' id='par_1_5' title="bbox 181 2145 1846 4147">
     <span class='ocr_line' id='line_1_15' title="bbox 292 2145 1842 2227; baseline 0.001 -17"><span class='ocrx_word' id='word_1_139' title='bbox 292 2146 359 2211; x_wconf 83' lang='lat' dir='ltr'>Nos</span> <span class='ocrx_word' id='word_1_140' title='bbox 385 2199 390 2209; x_wconf 96' lang='lat'><em>.</em></span> <span class='ocrx_word' id='word_1_141' title='bbox 419 2198 424 2209; x_wconf 95' lang='lat'>.</span> <span class='ocrx_word' id='word_1_142' title='bbox 451 2146 653 2227; x_wconf 51' lang='lat' dir='ltr'>scultetusf.</span> <span class='ocrx_word' id='word_1_143' title='bbox 681 2199 686 2210; x_wconf 96' lang='lat'>.</span> <span class='ocrx_word' id='word_1_144' title='bbox 713 2145 848 2226; x_wconf 79' lang='lat' dir='ltr'>scabini,</span> <span class='ocrx_word' id='word_1_145' title='bbox 876 2198 881 2209; x_wconf 95' lang='lat'>.</span> <span class='ocrx_word' id='word_1_146' title='bbox 909 2198 915 2209; x_wconf 93' lang='lat'><em>.</em></span> <span class='ocrx_word' id='word_1_147' title='bbox 941 2146 1091 2211; x_wconf 90' lang='lat' dir='ltr'>consules</span> <span class='ocrx_word' id='word_1_148' title='bbox 1122 2152 1290 2227; x_wconf 88' lang='lat' dir='ltr'>totumque</span> <span class='ocrx_word' id='word_1_149' title='bbox 1319 2164 1487 2211; x_wconf 90' lang='lat' dir='ltr'>commune</span> <span class='ocrx_word' id='word_1_150' title='bbox 1510 2146 1842 2212; x_wconf 82' lang='lat' dir='ltr'>Frankenvurdense.</span> 
     </span>
     <span class='ocr_line' id='line_1_16' title="bbox 183 2251 1844 2335; baseline 0 -18"><span class='ocrx_word' id='word_1_151' title='bbox 183 2254 237 2317; x_wconf 84' lang='lat' dir='ltr'>Ad</span> <span class='ocrx_word' id='word_1_152' title='bbox 272 2251 427 2318; x_wconf 90' lang='lat' dir='ltr'>noticiam</span> <span class='ocrx_word' id='word_1_153' title='bbox 461 2252 688 2319; x_wconf 88' lang='lat' dir='ltr'>universorum</span> <span class='ocrx_word' id='word_1_154' title='bbox 723 2252 870 2333; x_wconf 89' lang='lat' dir='ltr'>cupimus</span> <span class='ocrx_word' id='word_1_155' title='bbox 906 2251 1077 2334; x_wconf 89' lang='lat' dir='ltr'>pervenire</span> <span class='ocrx_word' id='word_1_156' title='bbox 1114 2252 1322 2333; x_wconf 86' lang='lat' dir='ltr'>presentibus</span> <span class='ocrx_word' id='word_1_157' title='bbox 1357 2251 1587 2334; x_wconf 79' lang='lat' dir='ltr'>profitenlsdo,</span> <span class='ocrx_word' id='word_1_158' title='bbox 1624 2257 1710 2333; x_wconf 88' lang='lat' dir='ltr'>quod</span> <span class='ocrx_word' id='word_1_159' title='bbox 1746 2273 1844 2335; x_wconf 89' lang='lat' dir='ltr'>super</span> 
     </span>
     <span class='ocr_line' id='line_1_17' title="bbox 182 2357 1844 2441; baseline 0.001 -18"><span class='ocrx_word' id='word_1_160' title='bbox 182 2358 350 2424; x_wconf 87' lang='lat' dir='ltr'>discordia</span> <span class='ocrx_word' id='word_1_161' title='bbox 373 2379 429 2425; x_wconf 89' lang='lat' dir='ltr'>seu</span> <span class='ocrx_word' id='word_1_162' title='bbox 454 2359 689 2441; x_wconf 88' lang='lat' dir='ltr'>controversia,</span> <span class='ocrx_word' id='word_1_163' title='bbox 716 2359 880 2440; x_wconf 83' lang='lat' dir='ltr'>quainter</span> <span class='ocrx_word' id='word_1_164' title='bbox 907 2412 911 2422; x_wconf 92' lang='lat'><em>.</em></span> <span class='ocrx_word' id='word_1_165' title='bbox 940 2412 945 2423; x_wconf 93' lang='lat'>.</span> <span class='ocrx_word' id='word_1_166' title='bbox 972 2378 1031 2424; x_wconf 91' lang='lat' dir='ltr'>nos</span> <span class='ocrx_word' id='word_1_167' title='bbox 1055 2379 1096 2425; x_wconf 83' lang='lat' dir='ltr'>ex</span> <span class='ocrx_word' id='word_1_168' title='bbox 1112 2378 1178 2425; x_wconf 86' lang='lat' dir='ltr'>una</span> <span class='ocrx_word' id='word_1_169' title='bbox 1195 2365 1290 2441; x_wconf 86' lang='lat' dir='ltr'>parte</span> <span class='ocrx_word' id='word_1_170' title='bbox 1306 2366 1340 2424; x_wconf 89' lang='lat' dir='ltr'>et</span> <span class='ocrx_word' id='word_1_171' title='bbox 1356 2357 1495 2424; x_wconf 92' lang='lat' dir='ltr'>nobilem</span> <span class='ocrx_word' id='word_1_172' title='bbox 1512 2358 1617 2426; x_wconf 89' lang='lat' dir='ltr'>virum</span> <span class='ocrx_word' id='word_1_173' title='bbox 1633 2360 1844 2425; x_wconf 89' lang='lat' dir='ltr'>Rennardum</span> 
     </span>
     <span class='ocr_line' id='line_1_18' title="bbox 183 2460 1843 2547; baseline 0.001 -17"><span class='ocrx_word' id='word_1_174' title='bbox 183 2460 347 2531; x_wconf 89' lang='lat' dir='ltr'>dominum</span> <span class='ocrx_word' id='word_1_175' title='bbox 372 2468 411 2531; x_wconf 93' lang='lat' dir='ltr'>de</span> <span class='ocrx_word' id='word_1_176' title='bbox 427 2466 575 2533; x_wconf 88' lang='lat' dir='ltr'>Hanowe</span> <span class='ocrx_word' id='word_1_177' title='bbox 600 2486 640 2532; x_wconf 83' lang='lat' dir='ltr'>ex</span> <span class='ocrx_word' id='word_1_178' title='bbox 657 2467 763 2532; x_wconf 88' lang='lat' dir='ltr'>altera</span> <span class='ocrx_word' id='word_1_179' title='bbox 780 2466 979 2547; x_wconf 89' lang='lat' dir='ltr'>aliquociens</span> <span class='ocrx_word' id='word_1_180' title='bbox 993 2467 1002 2537; x_wconf 81' lang='lat' dir='ltr'>l</span> <span class='ocrx_word' id='word_1_181' title='bbox 1010 2464 1019 2537; x_wconf 80' lang='lat' dir='ltr'>l</span> <span class='ocrx_word' id='word_1_182' title='bbox 1033 2468 1236 2547; x_wconf 87' lang='lat' dir='ltr'>vertebatur,</span> <span class='ocrx_word' id='word_1_183' title='bbox 1262 2464 1443 2530; x_wconf 85' lang='lat' dir='ltr'>amicabilis</span> <span class='ocrx_word' id='word_1_184' title='bbox 1459 2472 1493 2530; x_wconf 91' lang='lat' dir='ltr'>et</span> <span class='ocrx_word' id='word_1_185' title='bbox 1507 2465 1602 2531; x_wconf 89' lang='lat' dir='ltr'>firma</span> <span class='ocrx_word' id='word_1_186' title='bbox 1618 2486 1658 2531; x_wconf 89' lang='lat' dir='ltr'>ex</span> <span class='ocrx_word' id='word_1_187' title='bbox 1674 2466 1843 2547; x_wconf 88' lang='lat' dir='ltr'>utriusque</span> 
     </span>
     <span class='ocr_line' id='line_1_19' title="bbox 183 2562 1842 2656; baseline 0.001 -19"><span class='ocrx_word' id='word_1_188' title='bbox 183 2570 292 2654; x_wconf 87' lang='lat' dir='ltr'>partis</span> <span class='ocrx_word' id='word_1_189' title='bbox 316 2591 476 2638; x_wconf 90' lang='lat' dir='ltr'>consensu</span> <span class='ocrx_word' id='word_1_190' title='bbox 501 2580 534 2638; x_wconf 87' lang='lat' dir='ltr'>et</span> <span class='ocrx_word' id='word_1_191' title='bbox 557 2573 728 2639; x_wconf 89' lang='lat' dir='ltr'>voluntate</span> <span class='ocrx_word' id='word_1_192' title='bbox 753 2572 934 2656; x_wconf 87' lang='lat' dir='ltr'>conpositio</span> <span class='ocrx_word' id='word_1_193' title='bbox 959 2581 1010 2638; x_wconf 88' lang='lat' dir='ltr'>est</span> <span class='ocrx_word' id='word_1_194' title='bbox 1028 2572 1272 2639; x_wconf 88' lang='lat' dir='ltr'>rationabiliter</span> <span class='ocrx_word' id='word_1_195' title='bbox 1288 2571 1442 2637; x_wconf 90' lang='lat' dir='ltr'>ordinata</span> <span class='ocrx_word' id='word_1_196' title='bbox 1457 2592 1514 2637; x_wconf 90' lang='lat' dir='ltr'>seu</span> <span class='ocrx_word' id='word_1_197' title='bbox 1531 2562 1692 2644; x_wconf 80' lang='lat' dir='ltr'>statullta</span> <span class='ocrx_word' id='word_1_198' title='bbox 1707 2572 1740 2637; x_wconf 94' lang='lat' dir='ltr'>in</span> <span class='ocrx_word' id='word_1_199' title='bbox 1756 2574 1842 2638; x_wconf 93' lang='lat' dir='ltr'>hunc</span> 
     </span>
     <span class='ocr_line' id='line_1_20' title="bbox 181 2678 1845 2761; baseline 0 -17"><span class='ocrx_word' id='word_1_200' title='bbox 181 2680 322 2760; x_wconf 90' lang='lat' dir='ltr'>modum,</span> <span class='ocrx_word' id='word_1_201' title='bbox 348 2678 501 2745; x_wconf 88' lang='lat' dir='ltr'>videlicet</span> <span class='ocrx_word' id='word_1_202' title='bbox 525 2682 610 2761; x_wconf 91' lang='lat' dir='ltr'>quod</span> <span class='ocrx_word' id='word_1_203' title='bbox 633 2679 698 2761; x_wconf 91' lang='lat' dir='ltr'>ipsi</span> <span class='ocrx_word' id='word_1_204' title='bbox 714 2680 765 2761; x_wconf 80' lang='lat' dir='ltr'>R,</span> <span class='ocrx_word' id='word_1_205' title='bbox 791 2678 819 2745; x_wconf 88' lang='lat' dir='ltr'>si</span> <span class='ocrx_word' id='word_1_206' title='bbox 842 2686 893 2745; x_wconf 89' lang='lat' dir='ltr'>est</span> <span class='ocrx_word' id='word_1_207' title='bbox 915 2679 949 2745; x_wconf 93' lang='lat' dir='ltr'>in</span> <span class='ocrx_word' id='word_1_208' title='bbox 974 2686 1130 2761; x_wconf 89' lang='lat' dir='ltr'>ternpore,</span> <span class='ocrx_word' id='word_1_209' title='bbox 1156 2686 1215 2745; x_wconf 88' lang='lat' dir='ltr'>aut</span> <span class='ocrx_word' id='word_1_210' title='bbox 1237 2678 1340 2761; x_wconf 89' lang='lat' dir='ltr'>ipsius</span> <span class='ocrx_word' id='word_1_211' title='bbox 1364 2678 1548 2759; x_wconf 80' lang='lat' dir='ltr'>heredibus,</span> <span class='ocrx_word' id='word_1_212' title='bbox 1574 2679 1629 2760; x_wconf 90' lang='lat' dir='ltr'>qui</span> <span class='ocrx_word' id='word_1_213' title='bbox 1653 2686 1731 2745; x_wconf 93' lang='lat' dir='ltr'>tunc</span> <span class='ocrx_word' id='word_1_214' title='bbox 1748 2686 1845 2746; x_wconf 88' lang='lat' dir='ltr'>erunt</span> 
     </span>
     <span class='ocr_line' id='line_1_21' title="bbox 183 2785 1841 2869; baseline 0 -18"><span class='ocrx_word' id='word_1_215' title='bbox 183 2804 245 2867; x_wconf 92' lang='lat' dir='ltr'>pro</span> <span class='ocrx_word' id='word_1_216' title='bbox 269 2792 425 2867; x_wconf 85' lang='lat' dir='ltr'>tempore,</span> <span class='ocrx_word' id='word_1_217' title='bbox 447 2788 607 2851; x_wconf 90' lang='lat' dir='ltr'>ducentas</span> <span class='ocrx_word' id='word_1_218' title='bbox 623 2805 752 2851; x_wconf 88' lang='lat' dir='ltr'>mareas</span> <span class='ocrx_word' id='word_1_219' title='bbox 768 2786 976 2853; x_wconf 89' lang='lat' dir='ltr'>denariorum</span> <span class='ocrx_word' id='word_1_220' title='bbox 992 2786 1146 2869; x_wconf 84' lang='lat' dir='ltr'>legalium</span> <span class='ocrx_word' id='word_1_221' title='bbox 1163 2793 1196 2852; x_wconf 88' lang='lat' dir='ltr'>et</span> <span class='ocrx_word' id='word_1_222' title='bbox 1211 2789 1371 2852; x_wconf 89' lang='lat' dir='ltr'>honorum</span> <span class='ocrx_word' id='word_1_223' title='bbox 1385 2785 1594 2868; x_wconf 85' lang='lat' dir='ltr'>integraliter</span> <span class='ocrx_word' id='word_1_224' title='bbox 1609 2786 1841 2867; x_wconf 82' lang='lat' dir='ltr'>persolvemus</span> 
     </span>
     <span class='ocr_line' id='line_1_22' title="bbox 182 2891 1844 2975; baseline 0.001 -18"><span class='ocrx_word' id='word_1_225' title='bbox 182 2892 231 2957; x_wconf 86' lang='lat' dir='ltr'>Et</span> <span class='ocrx_word' id='word_1_226' title='bbox 261 2891 414 2973; x_wconf 85' lang='lat' dir='ltr'>quamdiu</span> <span class='ocrx_word' id='word_1_227' title='bbox 445 2891 552 2958; x_wconf 90' lang='lat' dir='ltr'>dictas</span> <span class='ocrx_word' id='word_1_228' title='bbox 582 2912 712 2958; x_wconf 90' lang='lat' dir='ltr'>marcas</span> <span class='ocrx_word' id='word_1_229' title='bbox 743 2892 930 2975; x_wconf 88' lang='lat' dir='ltr'>persolvere</span> <span class='ocrx_word' id='word_1_230' title='bbox 960 2892 1213 2975; x_wconf 71' lang='lat' dir='ltr'>neglexerimus</span> <span class='ocrx_word' id='word_1_231' title='bbox 1246 2892 1403 2974; x_wconf 87' lang='lat' dir='ltr'>predictis</span> <span class='ocrx_word' id='word_1_232' title='bbox 1437 2893 1476 2957; x_wconf 89' lang='lat' dir='ltr'>R.</span> <span class='ocrx_word' id='word_1_233' title='bbox 1508 2901 1542 2958; x_wconf 90' lang='lat' dir='ltr'>et</span> <span class='ocrx_word' id='word_1_234' title='bbox 1572 2892 1640 2958; x_wconf 91' lang='lat' dir='ltr'>suis</span> <span class='ocrx_word' id='word_1_235' title='bbox 1670 2894 1844 2959; x_wconf 88' lang='lat' dir='ltr'>heredibus</span> 
     </span>
     <span class='ocr_line' id='line_1_23' title="bbox 183 2998 1846 3084; baseline 0.002 -21"><span class='ocrx_word' id='word_1_236' title='bbox 183 2998 303 3081; x_wconf 87' lang='lat' dir='ltr'>viginti</span> <span class='ocrx_word' id='word_1_237' title='bbox 333 3018 463 3065; x_wconf 86' lang='lat' dir='ltr'>marcas</span> <span class='ocrx_word' id='word_1_238' title='bbox 497 2998 623 3065; x_wconf 90' lang='lat' dir='ltr'>tamdiu</span> <span class='ocrx_word' id='word_1_239' title='bbox 647 3001 725 3065; x_wconf 88' lang='lat' dir='ltr'>dare</span> <span class='ocrx_word' id='word_1_240' title='bbox 750 2998 845 3065; x_wconf 87' lang='lat' dir='ltr'>annis</span> <span class='ocrx_word' id='word_1_241' title='bbox 869 2999 1006 3084; x_wconf 82' lang='lat' dir='ltr'>singulis</span> <span class='ocrx_word' id='word_1_242' title='bbox 1030 3020 1089 3065; x_wconf 89' lang='lat' dir='ltr'>nos</span> <span class='ocrx_word' id='word_1_243' title='bbox 1114 2999 1321 3082; x_wconf 88' lang='lat' dir='ltr'>presentibus</span> <span class='ocrx_word' id='word_1_244' title='bbox 1345 3000 1543 3083; x_wconf 82' lang='lat' dir='ltr'>obligamus3</span> <span class='ocrx_word' id='word_1_245' title='bbox 1567 3001 1629 3065; x_wconf 92' lang='lat' dir='ltr'>hoc</span> <span class='ocrx_word' id='word_1_246' title='bbox 1651 3000 1791 3081; x_wconf 88' lang='lat' dir='ltr'>adiecto,</span> <span class='ocrx_word' id='word_1_247' title='bbox 1817 2999 1846 3066; x_wconf 90' lang='lat' dir='ltr'>si</span> 
     </span>
     <span class='ocr_line' id='line_1_24' title="bbox 183 3105 1844 3190; baseline 0.001 -19"><span class='ocrx_word' id='word_1_248' title='bbox 183 3107 315 3187; x_wconf 83' lang='lat' dir='ltr'>quando</span> <span class='ocrx_word' id='word_1_249' title='bbox 340 3105 592 3187; x_wconf 87' lang='lat' dir='ltr'>persolverimus</span> <span class='ocrx_word' id='word_1_250' title='bbox 616 3108 775 3172; x_wconf 84' lang='lat' dir='ltr'>ducentas</span> <span class='ocrx_word' id='word_1_251' title='bbox 799 3125 929 3172; x_wconf 88' lang='lat' dir='ltr'>marcas</span> <span class='ocrx_word' id='word_1_252' title='bbox 953 3113 1133 3187; x_wconf 87' lang='lat' dir='ltr'>pretactas,</span> <span class='ocrx_word' id='word_1_253' title='bbox 1159 3105 1301 3172; x_wconf 84' lang='lat' dir='ltr'>exclusis</span> <span class='ocrx_word' id='word_1_254' title='bbox 1325 3106 1444 3189; x_wconf 83' lang='lat' dir='ltr'>viginti</span> <span class='ocrx_word' id='word_1_255' title='bbox 1459 3106 1579 3172; x_wconf 90' lang='lat' dir='ltr'>marcis</span> <span class='ocrx_word' id='word_1_256' title='bbox 1596 3106 1692 3173; x_wconf 84' lang='lat' dir='ltr'>annis</span> <span class='ocrx_word' id='word_1_257' title='bbox 1707 3106 1844 3190; x_wconf 80' lang='lat' dir='ltr'>singulis</span> 
     </span>
     <span class='ocr_line' id='line_1_25' title="bbox 183 3211 1845 3297; baseline 0.001 -20"><span class='ocrx_word' id='word_1_258' title='bbox 183 3212 421 3294; x_wconf 73' lang='lat' dir='ltr'>persolvendis</span> <span class='ocrx_word' id='word_1_259' title='bbox 447 3214 488 3277; x_wconf 86' lang='lat' dir='ltr'>ab</span> <span class='ocrx_word' id='word_1_260' title='bbox 512 3211 631 3277; x_wconf 66' lang='lat' dir='ltr'>huiusl</span> <span class='ocrx_word' id='word_1_261' title='bbox 661 3212 822 3279; x_wconf 89' lang='lat' dir='ltr'>solutione</span> <span class='ocrx_word' id='word_1_262' title='bbox 846 3233 956 3279; x_wconf 87' lang='lat' dir='ltr'>annua</span> <span class='ocrx_word' id='word_1_263' title='bbox 980 3212 1099 3280; x_wconf 89' lang='lat' dir='ltr'>erimus</span> <span class='ocrx_word' id='word_1_264' title='bbox 1124 3213 1255 3296; x_wconf 89' lang='lat' dir='ltr'>penitus</span> <span class='ocrx_word' id='word_1_265' title='bbox 1279 3213 1431 3279; x_wconf 89' lang='lat' dir='ltr'>absoluti.</span> <span class='ocrx_word' id='word_1_266' title='bbox 1474 3213 1584 3279; x_wconf 80' lang='lat' dir='ltr'>Etiam</span> <span class='ocrx_word' id='word_1_267' title='bbox 1602 3213 1631 3278; x_wconf 92' lang='lat' dir='ltr'>si</span> <span class='ocrx_word' id='word_1_268' title='bbox 1646 3214 1845 3297; x_wconf 86' lang='lat' dir='ltr'>contingerit</span> 
     </span>
     <span class='ocr_line' id='line_1_26' title="bbox 184 3316 1846 3402; baseline 0.002 -19"><span class='ocrx_word' id='word_1_269' title='bbox 184 3318 326 3399; x_wconf 88' lang='lat' dir='ltr'>aliquem</span> <span class='ocrx_word' id='word_1_270' title='bbox 350 3324 409 3383; x_wconf 90' lang='lat' dir='ltr'>aut</span> <span class='ocrx_word' id='word_1_271' title='bbox 432 3316 574 3399; x_wconf 89' lang='lat' dir='ltr'>aliquam</span> <span class='ocrx_word' id='word_1_272' title='bbox 598 3317 652 3385; x_wconf 88' lang='lat' dir='ltr'>vel</span> <span class='ocrx_word' id='word_1_273' title='bbox 675 3317 785 3399; x_wconf 90' lang='lat' dir='ltr'>plures</span> <span class='ocrx_word' id='word_1_274' title='bbox 809 3337 849 3383; x_wconf 86' lang='lat' dir='ltr'>ex</span> <span class='ocrx_word' id='word_1_275' title='bbox 873 3318 941 3385; x_wconf 88' lang='lat' dir='ltr'>suis</span> <span class='ocrx_word' id='word_1_276' title='bbox 965 3318 1150 3386; x_wconf 90' lang='lat' dir='ltr'>hominihus</span> <span class='ocrx_word' id='word_1_277' title='bbox 1174 3318 1243 3384; x_wconf 91' lang='lat' dir='ltr'>sive</span> <span class='ocrx_word' id='word_1_278' title='bbox 1266 3316 1423 3384; x_wconf 81' lang='lat' dir='ltr'>rusticisb</span> <span class='ocrx_word' id='word_1_279' title='bbox 1448 3326 1561 3385; x_wconf 86' lang='lat' dir='ltr'>nostre</span> <span class='ocrx_word' id='word_1_280' title='bbox 1580 3319 1726 3386; x_wconf 82' lang='lat' dir='ltr'>civitatis</span> <span class='ocrx_word' id='word_1_281' title='bbox 1742 3319 1846 3402; x_wconf 92' lang='lat' dir='ltr'>recipi</span> 
     </span>
     <span class='ocr_line' id='line_1_27' title="bbox 182 3423 1843 3507; baseline 0.001 -18"><span class='ocrx_word' id='word_1_282' title='bbox 182 3424 218 3489; x_wconf 90' lang='lat' dir='ltr'>in</span> <span class='ocrx_word' id='word_1_283' title='bbox 250 3424 426 3505; x_wconf 85' lang='lat' dir='ltr'>concivem,</span> <span class='ocrx_word' id='word_1_284' title='bbox 452 3430 502 3489; x_wconf 90' lang='lat' dir='ltr'>tot</span> <span class='ocrx_word' id='word_1_285' title='bbox 533 3431 662 3489; x_wconf 91' lang='lat' dir='ltr'>centum</span> <span class='ocrx_word' id='word_1_286' title='bbox 692 3444 822 3491; x_wconf 76' lang='lat' dir='ltr'>marcas</span> <span class='ocrx_word' id='word_1_287' title='bbox 852 3424 1059 3492; x_wconf 88' lang='lat' dir='ltr'>denariorum</span> <span class='ocrx_word' id='word_1_288' title='bbox 1092 3425 1241 3492; x_wconf 89' lang='lat' dir='ltr'>dabimus</span> <span class='ocrx_word' id='word_1_289' title='bbox 1273 3423 1413 3507; x_wconf 86' lang='lat' dir='ltr'>prelatis</span> <span class='ocrx_word' id='word_1_290' title='bbox 1437 3426 1477 3490; x_wconf 89' lang='lat' dir='ltr'>R.</span> <span class='ocrx_word' id='word_1_291' title='bbox 1500 3432 1532 3491; x_wconf 87' lang='lat' dir='ltr'>et</span> <span class='ocrx_word' id='word_1_292' title='bbox 1563 3426 1630 3491; x_wconf 90' lang='lat' dir='ltr'>suis</span> <span class='ocrx_word' id='word_1_293' title='bbox 1658 3425 1843 3505; x_wconf 89' lang='lat' dir='ltr'>heredibus,</span> 
     </span>
     <span class='ocr_line' id='line_1_28' title="bbox 183 3526 1843 3613; baseline 0.001 -17"><span class='ocrx_word' id='word_1_294' title='bbox 183 3537 264 3611; x_wconf 90' lang='lat' dir='ltr'>quot</span> <span class='ocrx_word' id='word_1_295' title='bbox 296 3529 422 3611; x_wconf 86' lang='lat' dir='ltr'>recepti</span> <span class='ocrx_word' id='word_1_296' title='bbox 450 3526 575 3595; x_wconf 87' lang='lat' dir='ltr'>inerint</span> <span class='ocrx_word' id='word_1_297' title='bbox 605 3550 645 3595; x_wconf 84' lang='lat' dir='ltr'>ex</span> <span class='ocrx_word' id='word_1_298' title='bbox 676 3530 819 3613; x_wconf 88' lang='lat' dir='ltr'>ipsorum</span> <span class='ocrx_word' id='word_1_299' title='bbox 849 3532 888 3597; x_wconf 89' lang='lat' dir='ltr'>R.</span> <span class='ocrx_word' id='word_1_300' title='bbox 912 3538 945 3597; x_wconf 93' lang='lat' dir='ltr'>et</span> <span class='ocrx_word' id='word_1_301' title='bbox 976 3534 1131 3597; x_wconf 90' lang='lat' dir='ltr'>heredum</span> <span class='ocrx_word' id='word_1_302' title='bbox 1162 3530 1345 3597; x_wconf 89' lang='lat' dir='ltr'>homiuibus</span> <span class='ocrx_word' id='word_1_303' title='bbox 1376 3534 1416 3597; x_wconf 88' lang='lat' dir='ltr'>ad</span> <span class='ocrx_word' id='word_1_304' title='bbox 1448 3552 1507 3597; x_wconf 88' lang='lat' dir='ltr'>nos</span> <span class='ocrx_word' id='word_1_305' title='bbox 1539 3531 1779 3598; x_wconf 87' lang='lat' dir='ltr'>declinantibus</span> <span class='ocrx_word' id='word_1_306' title='bbox 1810 3532 1843 3599; x_wconf 93' lang='lat' dir='ltr'>in</span> 
     </span>
     <span class='ocr_line' id='line_1_29' title="bbox 184 3636 1845 3721; baseline 0.002 -20"><span class='ocrx_word' id='word_1_307' title='bbox 184 3636 347 3717; x_wconf 88' lang='lat' dir='ltr'>concives,</span> <span class='ocrx_word' id='word_1_308' title='bbox 374 3636 521 3703; x_wconf 90' lang='lat' dir='ltr'>volentes</span> <span class='ocrx_word' id='word_1_309' title='bbox 546 3636 772 3703; x_wconf 89' lang='lat' dir='ltr'>nichilominus</span> <span class='ocrx_word' id='word_1_310' title='bbox 796 3658 816 3703; x_wconf 90' lang='lat' dir='ltr'>a</span> <span class='ocrx_word' id='word_1_311' title='bbox 841 3638 1024 3721; x_wconf 91' lang='lat' dir='ltr'>prescripto</span> <span class='ocrx_word' id='word_1_312' title='bbox 1042 3639 1220 3704; x_wconf 89' lang='lat' dir='ltr'>Rennardo</span> <span class='ocrx_word' id='word_1_313' title='bbox 1245 3658 1344 3720; x_wconf 91' lang='lat' dir='ltr'>super</span> <span class='ocrx_word' id='word_1_314' title='bbox 1368 3636 1501 3719; x_wconf 86' lang='lat' dir='ltr'>prelata</span> <span class='ocrx_word' id='word_1_315' title='bbox 1525 3638 1749 3721; x_wconf 86' lang='lat' dir='ltr'>conpositione</span> <span class='ocrx_word' id='word_1_316' title='bbox 1765 3639 1845 3705; x_wconf 86' lang='lat' dir='ltr'>arni·</span> 
     </span>
     <span class='ocr_line' id='line_1_30' title="bbox 183 3742 1844 3827; baseline 0.002 -19"><span class='ocrx_word' id='word_1_317' title='bbox 183 3742 337 3809; x_wconf 84' lang='lat' dir='ltr'>cobihter</span> <span class='ocrx_word' id='word_1_318' title='bbox 367 3742 521 3808; x_wconf 79' lang='lat' dir='ltr'>ordinata</span> <span class='ocrx_word' id='word_1_319' title='bbox 552 3762 629 3809; x_wconf 90' lang='lat' dir='ltr'>suas</span> <span class='ocrx_word' id='word_1_320' title='bbox 660 3742 790 3809; x_wconf 88' lang='lat' dir='ltr'>htteras</span> <span class='ocrx_word' id='word_1_321' title='bbox 822 3744 915 3810; x_wconf 90' lang='lat' dir='ltr'>nobis</span> <span class='ocrx_word' id='word_1_322' title='bbox 945 3744 1027 3810; x_wconf 85' lang='lat' dir='ltr'>dori.</span> <span class='ocrx_word' id='word_1_323' title='bbox 1076 3746 1125 3809; x_wconf 90' lang='lat' dir='ltr'>Ne</span> <span class='ocrx_word' id='word_1_324' title='bbox 1155 3744 1258 3827; x_wconf 83' lang='lat' dir='ltr'>igitur</span> <span class='ocrx_word' id='word_1_325' title='bbox 1286 3743 1416 3827; x_wconf 81' lang='lat' dir='ltr'>prefate</span> <span class='ocrx_word' id='word_1_326' title='bbox 1441 3744 1656 3811; x_wconf 90' lang='lat' dir='ltr'>ordinationis</span> <span class='ocrx_word' id='word_1_327' title='bbox 1680 3745 1844 3811; x_wconf 91' lang='lat' dir='ltr'>ordinatio</span> 
     </span>
     <span class='ocr_line' id='line_1_31' title="bbox 182 3848 1845 3935; baseline 0.001 -20"><span class='ocrx_word' id='word_1_328' title='bbox 182 3870 243 3915; x_wconf 87' lang='lat' dir='ltr'>seu</span> <span class='ocrx_word' id='word_1_329' title='bbox 274 3849 448 3915; x_wconf 85' lang='lat' dir='ltr'>arbitrium</span> <span class='ocrx_word' id='word_1_330' title='bbox 479 3848 583 3931; x_wconf 88' lang='lat' dir='ltr'>possit</span> <span class='ocrx_word' id='word_1_331' title='bbox 614 3870 673 3931; x_wconf 92' lang='lat' dir='ltr'>per</span> <span class='ocrx_word' id='word_1_332' title='bbox 704 3869 890 3916; x_wconf 88' lang='lat' dir='ltr'>successum</span> <span class='ocrx_word' id='word_1_333' title='bbox 922 3851 1078 3932; x_wconf 89' lang='lat' dir='ltr'>temporis</span> <span class='ocrx_word' id='word_1_334' title='bbox 1110 3850 1317 3931; x_wconf 88' lang='lat' dir='ltr'>aliquatenus</span> <span class='ocrx_word' id='word_1_335' title='bbox 1339 3851 1508 3925; x_wconf 86' lang='lat' dir='ltr'>infirmari,</span> <span class='ocrx_word' id='word_1_336' title='bbox 1533 3851 1674 3935; x_wconf 78' lang='lat' dir='ltr'>sigillum</span> <span class='ocrx_word' id='word_1_337' title='bbox 1698 3851 1845 3919; x_wconf 87' lang='lat' dir='ltr'>civitatis</span> 
     </span>
     <span class='ocr_line' id='line_1_32' title="bbox 182 3939 1843 4043; baseline 0.002 -22"><span class='ocrx_word' id='word_1_338' title='bbox 182 3964 298 4023; x_wconf 88' lang='lat' dir='ltr'>nostre</span> <span class='ocrx_word' id='word_1_339' title='bbox 329 3956 478 4021; x_wconf 86' lang='lat' dir='ltr'>duximus</span> <span class='ocrx_word' id='word_1_340' title='bbox 510 3956 718 4037; x_wconf 89' lang='lat' dir='ltr'>presentibus</span> <span class='ocrx_word' id='word_1_341' title='bbox 742 3961 979 4040; x_wconf 89' lang='lat' dir='ltr'>apponendum.</span> <span class='ocrx_word' id='word_1_342' title='bbox 1027 3959 1148 4023; x_wconf 84' lang='lat' dir='ltr'>Actum</span> <span class='ocrx_word' id='word_1_343' title='bbox 1172 3979 1257 4025; x_wconf 89' lang='lat' dir='ltr'>anno</span> <span class='ocrx_word' id='word_1_344' title='bbox 1282 3957 1402 4024; x_wconf 91' lang='lat' dir='ltr'>domini</span> <span class='ocrx_word' id='word_1_345' title='bbox 1425 3959 1465 4023; x_wconf 80' lang='lat' dir='ltr'>rii.</span> <span class='ocrx_word' id='word_1_346' title='bbox 1488 3953 1530 4024; x_wconf 76' lang='lat' dir='ltr'>ob.</span> <span class='ocrx_word' id='word_1_347' title='bbox 1554 3959 1756 4043; x_wconf 84' lang='lat' dir='ltr'>sexagesimo</span> <span class='ocrx_word' id='word_1_348' title='bbox 1773 3939 1843 4041; x_wconf 67' lang='lat' dir='ltr'>Vb,</span> 
     </span>
     <span class='ocr_line' id='line_1_33' title="bbox 181 4062 891 4147; baseline 0.001 -19"><span class='ocrx_word' id='word_1_349' title='bbox 181 4062 217 4128; x_wconf 92' lang='lat' dir='ltr'>in</span> <span class='ocrx_word' id='word_1_350' title='bbox 243 4062 357 4146; x_wconf 80' lang='lat' dir='ltr'>vigilia</span> <span class='ocrx_word' id='word_1_351' title='bbox 379 4062 470 4129; x_wconf 85' lang='lat' dir='ltr'>beati</span> <span class='ocrx_word' id='word_1_352' title='bbox 493 4062 666 4129; x_wconf 85' lang='lat' dir='ltr'>Michaelis</span> <span class='ocrx_word' id='word_1_353' title='bbox 691 4064 891 4147; x_wconf 84' lang='lat' dir='ltr'>archangeli.</span> 
     </span>
    </p>

    <p class='ocr_par' dir='ltr' id='par_1_6' title="bbox 401 4206 1533 4276">
     <span class='ocr_line' id='line_1_34' title="bbox 401 4206 1533 4276; baseline 0 -17"><span class='ocrx_word' id='word_1_354' title='bbox 401 4206 447 4259; x_wconf 86' lang='lat' dir='ltr'>Or.</span> <span class='ocrx_word' id='word_1_355' title='bbox 462 4206 550 4273; x_wconf 80' lang='lat' dir='ltr'>Pprui.</span> <span class='ocrx_word' id='word_1_356' title='bbox 568 4206 618 4259; x_wconf 82' lang='lat' dir='ltr'>mit</span> <span class='ocrx_word' id='word_1_357' title='bbox 635 4206 723 4274; x_wconf 80' lang='lat' dir='ltr'>wenip</span> <span class='ocrx_word' id='word_1_358' title='bbox 742 4206 938 4276; x_wconf 78' lang='lat' dir='ltr'>becehddiptem</span> <span class='ocrx_word' id='word_1_359' title='bbox 958 4206 1122 4276; x_wconf 79' lang='lat' dir='ltr'>Stodtsiepel</span> <span class='ocrx_word' id='word_1_360' title='bbox 1141 4210 1247 4275; x_wconf 71' lang='lat' dir='ltr'>(pr-itu).</span> <span class='ocrx_word' id='word_1_361' title='bbox 1287 4206 1326 4260; x_wconf 80' lang='lat' dir='ltr'>St.</span> <span class='ocrx_word' id='word_1_362' title='bbox 1340 4208 1374 4260; x_wconf 79' lang='lat' dir='ltr'>A.</span> <span class='ocrx_word' id='word_1_363' title='bbox 1388 4207 1533 4276; x_wconf 76' lang='lat' dir='ltr'>Morburq.</span> 
     </span>
    </p>
   </div>
   <div class='ocr_carea' id='block_1_6' title="bbox 400 4294 1845 4455">
    <p class='ocr_par' dir='ltr' id='par_1_7' title="bbox 400 4294 1845 4455">
     <span class='ocr_line' id='line_1_35' title="bbox 400 4294 1845 4364; baseline 0.001 -16"><span class='ocrx_word' id='word_1_364' title='bbox 400 4294 500 4348; x_wconf 62' lang='lat' dir='ltr'>Gedm</span> <span class='ocrx_word' id='word_1_365' title='bbox 519 4294 652 4362; x_wconf 80' lang='lat' dir='ltr'>Fichcrd,</span> <span class='ocrx_word' id='word_1_366' title='bbox 663 4295 774 4363; x_wconf 77' lang='lat' dir='ltr'>Archiv,</span> <span class='ocrx_word' id='word_1_367' title='bbox 784 4295 845 4361; x_wconf 83' lang='lat'>111,</span> <span class='ocrx_word' id='word_1_368' title='bbox 861 4300 920 4363; x_wconf 82' lang='lat'>177,</span> <span class='ocrx_word' id='word_1_369' title='bbox 948 4297 992 4363; x_wconf 83' lang='lat' dir='ltr'>B,</span> <span class='ocrx_word' id='word_1_370' title='bbox 1008 4298 1143 4351; x_wconf 79' lang='lat' dir='ltr'>139nuch</span> <span class='ocrx_word' id='word_1_371' title='bbox 1156 4297 1214 4351; x_wconf 82' lang='lat' dir='ltr'>dem</span> <span class='ocrx_word' id='word_1_372' title='bbox 1227 4296 1283 4364; x_wconf 77' lang='lat' dir='ltr'>Or,</span> <span class='ocrx_word' id='word_1_373' title='bbox 1312 4296 1430 4363; x_wconf 82' lang='lat' dir='ltr'>Reiurer,</span> <span class='ocrx_word' id='word_1_374' title='bbox 1443 4296 1468 4360; x_wconf 89' lang='lat' dir='ltr'>I,</span> <span class='ocrx_word' id='word_1_375' title='bbox 1482 4300 1542 4349; x_wconf 82' lang='lat'><strong><em>309.</em></strong></span> <span class='ocrx_word' id='word_1_376' title='bbox 1571 4296 1644 4349; x_wconf 84' lang='lat' dir='ltr'>Hier</span> <span class='ocrx_word' id='word_1_377' title='bbox 1656 4298 1726 4350; x_wconf 82' lang='lat' dir='ltr'>noch</span> <span class='ocrx_word' id='word_1_378' title='bbox 1735 4297 1845 4350; x_wconf 76' lang='lat' dir='ltr'>Reiueer</span> 
     </span>
     <span class='ocr_line' id='line_1_36' title="bbox 453 4384 1208 4455; baseline 0.001 -18"><span class='ocrx_word' id='word_1_379' title='bbox 453 4384 469 4437; x_wconf 91' lang='lat' dir='ltr'>l.</span> <span class='ocrx_word' id='word_1_380' title='bbox 489 4399 510 4437; x_wconf 89' lang='lat' dir='ltr'>c.</span> <span class='ocrx_word' id='word_1_381' title='bbox 529 4384 579 4437; x_wconf 75' lang='lat' dir='ltr'>neit</span> <span class='ocrx_word' id='word_1_382' title='bbox 597 4385 761 4455; x_wconf 74' lang='lat' dir='ltr'>Benuteunp</span> <span class='ocrx_word' id='word_1_383' title='bbox 780 4384 854 4438; x_wconf 82' lang='lat' dir='ltr'>einer</span> <span class='ocrx_word' id='word_1_384' title='bbox 873 4385 1017 4440; x_wconf 73' lang='lat' dir='ltr'>Kotiaeion</span> <span class='ocrx_word' id='word_1_385' title='bbox 1037 4386 1208 4452; x_wconf 72' lang='lat' dir='ltr'>Grotefeudu.</span> 
     </span>
    </p>
   </div>
   <div class='ocr_carea' id='block_1_7' title="bbox 183 4690 1846 4999">
    <p class='ocr_par' dir='ltr' id='par_1_8' title="bbox 183 4690 1846 4999">
     <span class='ocr_line' id='line_1_37' title="bbox 183 4690 1846 4785; baseline -0.003 -18"><span class='ocrx_word' id='word_1_386' title='bbox 183 4690 279 4767; x_wconf 73' lang='grc'><strong>264.</strong></span> <span class='ocrx_word' id='word_1_387' title='bbox 305 4698 1037 4782; x_wconf 54' lang='lat' dir='ltr'>GlrrtsuoaKmuoruo·lrhruufmro·Knsue,</span> <span class='ocrx_word' id='word_1_388' title='bbox 1048 4701 1269 4783; x_wconf 67' lang='lat' dir='ltr'>perluere-sideni</span> <span class='ocrx_word' id='word_1_389' title='bbox 1280 4700 1639 4785; x_wconf 72' lang='lat' dir='ltr'>dortiyenStiftslupiiel</span> <span class='ocrx_word' id='word_1_390' title='bbox 1649 4700 1846 4783; x_wconf 46' lang='lat' dir='ltr'>cruciculam»</span> 
     </span>
     <span class='ocr_line' id='line_1_38' title="bbox 297 4807 1844 4892; baseline 0 -21"><span class='ocrx_word' id='word_1_391' title='bbox 297 4807 439 4886; x_wconf 70' lang='lat' dir='ltr'>jodaiae</span> <span class='ocrx_word' id='word_1_392' title='bbox 472 4828 529 4871; x_wconf 83' lang='lat' dir='ltr'>oon</span> <span class='ocrx_word' id='word_1_393' title='bbox 559 4810 684 4885; x_wconf 77' lang='lat' dir='ltr'>scineae,</span> <span class='ocrx_word' id='word_1_394' title='bbox 710 4812 789 4873; x_wconf 73' lang='lat' dir='ltr'>enat</span> <span class='ocrx_word' id='word_1_395' title='bbox 818 4810 888 4872; x_wconf 83' lang='lat' dir='ltr'>dom</span> <span class='ocrx_word' id='word_1_396' title='bbox 911 4809 1013 4873; x_wconf 69' lang='lat' dir='ltr'>ittera·</span> <span class='ocrx_word' id='word_1_397' title='bbox 1036 4810 1164 4890; x_wconf 74' lang='lat' dir='ltr'>liudolf</span> <span class='ocrx_word' id='word_1_398' title='bbox 1188 4809 1382 4892; x_wconf 77' lang='lat' dir='ltr'>pelrdrerulen</span> <span class='ocrx_word' id='word_1_399' title='bbox 1405 4808 1527 4886; x_wconf 81' lang='lat' dir='ltr'>Hense,</span> <span class='ocrx_word' id='word_1_400' title='bbox 1551 4808 1745 4891; x_wconf 64' lang='lat' dir='ltr'>desplmcben</span> <span class='ocrx_word' id='word_1_401' title='bbox 1767 4807 1844 4871; x_wconf 81' lang='lat' dir='ltr'>noch</span> 
     </span>
     <span class='ocr_line' id='line_1_39' title="bbox 307 4914 1034 4999; baseline 0.004 -22"><span class='ocrx_word' id='word_1_402' title='bbox 307 4918 424 4979; x_wconf 77' lang='lat' dir='ltr'>recidere</span> <span class='ocrx_word' id='word_1_403' title='bbox 447 4919 467 4977; x_wconf 71' lang='lat'><em>4</em></span> <span class='ocrx_word' id='word_1_404' title='bbox 492 4914 672 4999; x_wconf 74' lang='lat' dir='ltr'>Schillinpe.</span> <span class='ocrx_word' id='word_1_405' title='bbox 722 4921 812 4980; x_wconf 70' lang='lat'>1267</span> <span class='ocrx_word' id='word_1_406' title='bbox 833 4916 866 4978; x_wconf 85' lang='lat' dir='ltr'><em>F</em></span> <span class='ocrx_word' id='word_1_407' title='bbox 865 4918 981 4981; x_wconf 83' lang='lat' dir='ltr'>ebrueu·</span> <span class='ocrx_word' id='word_1_408' title='bbox 1002 4923 1034 4981; x_wconf 85' lang='lat'>1.</span> 
     </span>
    </p>
   </div>
   <div class='ocr_carea' id='block_1_8' title="bbox 184 5055 1846 5675">
    <p class='ocr_par' dir='ltr' id='par_1_9' title="bbox 184 5055 1846 5675">
     <span class='ocr_line' id='line_1_40' title="bbox 295 5055 1844 5141; baseline 0.001 -20"><span class='ocrx_word' id='word_1_409' title='bbox 295 5056 366 5140; x_wconf 79' lang='lat' dir='ltr'>Ego</span> <span class='ocrx_word' id='word_1_410' title='bbox 391 5055 576 5122; x_wconf 63' lang='lat' dir='ltr'>chistianus</span> <span class='ocrx_word' id='word_1_411' title='bbox 600 5065 718 5123; x_wconf 93' lang='lat' dir='ltr'>cantor</span> <span class='ocrx_word' id='word_1_412' title='bbox 742 5057 879 5124; x_wconf 89' lang='lat' dir='ltr'>ecclesie</span> <span class='ocrx_word' id='word_1_413' title='bbox 904 5060 1244 5125; x_wconf 85' lang='lat' dir='ltr'>Frankenvordensis.</span> <span class='ocrx_word' id='word_1_414' title='bbox 1292 5060 1419 5125; x_wconf 80' lang='lat' dir='ltr'>&#39;Penore</span> <span class='ocrx_word' id='word_1_415' title='bbox 1443 5058 1643 5141; x_wconf 89' lang='lat' dir='ltr'>presentium</span> <span class='ocrx_word' id='word_1_416' title='bbox 1668 5063 1844 5139; x_wconf 84' lang='lat' dir='ltr'>protestor,</span> 
     </span>
     <span class='ocr_line' id='line_1_41' title="bbox 184 5162 1846 5245; baseline -0.001 -17"><span class='ocrx_word' id='word_1_417' title='bbox 184 5165 275 5245; x_wconf 91' lang='lat' dir='ltr'>quod</span> <span class='ocrx_word' id='word_1_418' title='bbox 304 5162 448 5244; x_wconf 82' lang='lat' dir='ltr'>capitulo</span> <span class='ocrx_word' id='word_1_419' title='bbox 474 5163 610 5229; x_wconf 89' lang='lat' dir='ltr'>ecclesie</span> <span class='ocrx_word' id='word_1_420' title='bbox 634 5164 964 5232; x_wconf 88' lang='lat' dir='ltr'>Frankenvordensis</span> <span class='ocrx_word' id='word_1_421' title='bbox 987 5165 1120 5233; x_wconf 90' lang='lat' dir='ltr'>vendidi</span> <span class='ocrx_word' id='word_1_422' title='bbox 1144 5186 1202 5231; x_wconf 83' lang='lat' dir='ltr'>sex</span> <span class='ocrx_word' id='word_1_423' title='bbox 1226 5165 1347 5232; x_wconf 90' lang='lat' dir='ltr'>solidos</span> <span class='ocrx_word' id='word_1_424' title='bbox 1366 5165 1572 5231; x_wconf 80' lang='lat' dir='ltr'>Colonienses</span> <span class='ocrx_word' id='word_1_425' title='bbox 1595 5167 1634 5230; x_wconf 89' lang='lat' dir='ltr'>de</span> <span class='ocrx_word' id='word_1_426' title='bbox 1659 5163 1751 5229; x_wconf 90' lang='lat' dir='ltr'>curia</span> <span class='ocrx_word' id='word_1_427' title='bbox 1774 5182 1846 5228; x_wconf 81' lang='lat' dir='ltr'>inea</span> 
     </span>
     <span class='ocr_line' id='line_1_42' title="bbox 184 5269 1846 5352; baseline -0.001 -17"><span class='ocrx_word' id='word_1_428' title='bbox 184 5272 352 5351; x_wconf 86' lang='lat' dir='ltr'>quondam</span> <span class='ocrx_word' id='word_1_429' title='bbox 368 5271 497 5336; x_wconf 91' lang='lat' dir='ltr'>Rudolfi</span> <span class='ocrx_word' id='word_1_430' title='bbox 521 5270 644 5351; x_wconf 75' lang='lat' dir='ltr'>mincis,</span> <span class='ocrx_word' id='word_1_431' title='bbox 669 5272 702 5336; x_wconf 92' lang='lat' dir='ltr'>in</span> <span class='ocrx_word' id='word_1_432' title='bbox 728 5270 814 5338; x_wconf 85' lang='lat' dir='ltr'>iesto</span> <span class='ocrx_word' id='word_1_433' title='bbox 837 5274 934 5338; x_wconf 89' lang='lat' dir='ltr'>beate</span> <span class='ocrx_word' id='word_1_434' title='bbox 951 5272 1111 5339; x_wconf 90' lang='lat' dir='ltr'>Katerine</span> <span class='ocrx_word' id='word_1_435' title='bbox 1135 5274 1221 5340; x_wconf 89' lang='lat' dir='ltr'>ornni</span> <span class='ocrx_word' id='word_1_436' title='bbox 1245 5293 1330 5339; x_wconf 87' lang='lat' dir='ltr'>anno</span> <span class='ocrx_word' id='word_1_437' title='bbox 1354 5272 1520 5339; x_wconf 89' lang='lat' dir='ltr'>canonicis</span> <span class='ocrx_word' id='word_1_438' title='bbox 1544 5278 1622 5336; x_wconf 91' lang='lat' dir='ltr'>tunc</span> <span class='ocrx_word' id='word_1_439' title='bbox 1639 5269 1846 5352; x_wconf 90' lang='lat' dir='ltr'>presentibus</span> 
     </span>
     <span class='ocr_line' id='line_1_43' title="bbox 185 5374 1846 5464; baseline -0.002 -21"><span class='ocrx_word' id='word_1_440' title='bbox 185 5377 431 5459; x_wconf 89' lang='lat' dir='ltr'>persolvendos.</span> <span class='ocrx_word' id='word_1_441' title='bbox 479 5377 552 5444; x_wconf 80' lang='lat' dir='ltr'>vali</span> <span class='ocrx_word' id='word_1_442' title='bbox 570 5378 759 5444; x_wconf 92' lang='lat' dir='ltr'>condicione</span> <span class='ocrx_word' id='word_1_443' title='bbox 783 5378 969 5464; x_wconf 69' lang='lat' dir='ltr'>abiectatll,</span> <span class='ocrx_word' id='word_1_444' title='bbox 995 5386 1031 5445; x_wconf 94' lang='lat' dir='ltr'>ut</span> <span class='ocrx_word' id='word_1_445' title='bbox 1056 5379 1085 5445; x_wconf 89' lang='lat' dir='ltr'>si</span> <span class='ocrx_word' id='word_1_446' title='bbox 1108 5378 1196 5446; x_wconf 84' lang='lat' dir='ltr'>infra</span> <span class='ocrx_word' id='word_1_447' title='bbox 1220 5399 1329 5446; x_wconf 89' lang='lat' dir='ltr'>muros</span> <span class='ocrx_word' id='word_1_448' title='bbox 1353 5379 1500 5446; x_wconf 88' lang='lat' dir='ltr'>civitatis</span> <span class='ocrx_word' id='word_1_449' title='bbox 1523 5374 1846 5443; x_wconf 79' lang='lat' dir='ltr'>Franlreniordensis</span> 
     </span>
     <span class='ocr_line' id='line_1_44' title="bbox 184 5476 1846 5568; baseline -0.001 -19"><span class='ocrx_word' id='word_1_450' title='bbox 184 5484 220 5549; x_wconf 88' lang='lat' dir='ltr'>in</span> <span class='ocrx_word' id='word_1_451' title='bbox 252 5504 317 5551; x_wconf 93' lang='lat' dir='ltr'>uuo</span> <span class='ocrx_word' id='word_1_452' title='bbox 348 5484 419 5551; x_wconf 91' lang='lat' dir='ltr'>loco</span> <span class='ocrx_word' id='word_1_453' title='bbox 450 5491 483 5550; x_wconf 88' lang='lat' dir='ltr'>et</span> <span class='ocrx_word' id='word_1_454' title='bbox 514 5492 604 5551; x_wconf 89' lang='lat' dir='ltr'>certo</span> <span class='ocrx_word' id='word_1_455' title='bbox 636 5504 693 5551; x_wconf 87' lang='lat' dir='ltr'>sex</span> <span class='ocrx_word' id='word_1_456' title='bbox 725 5476 845 5551; x_wconf 91' lang='lat' dir='ltr'>solidos</span> <span class='ocrx_word' id='word_1_457' title='bbox 870 5486 1074 5553; x_wconf 77' lang='lat' dir='ltr'>Colonienses¹</span> <span class='ocrx_word' id='word_1_458' title='bbox 1106 5506 1212 5552; x_wconf 89' lang='lat' dir='ltr'>emero</span> <span class='ocrx_word' id='word_1_459' title='bbox 1243 5486 1432 5568; x_wconf 90' lang='lat' dir='ltr'>supradicte</span> <span class='ocrx_word' id='word_1_460' title='bbox 1461 5484 1597 5551; x_wconf 89' lang='lat' dir='ltr'>ecclesie</span> <span class='ocrx_word' id='word_1_461' title='bbox 1620 5482 1790 5549; x_wconf 82' lang='lat' dir='ltr'>annuatim</span> <span class='ocrx_word' id='word_1_462' title='bbox 1812 5481 1846 5548; x_wconf 96' lang='lat' dir='ltr'>in</span> 
     </span>
     <span class='ocr_line' id='line_1_45' title="bbox 185 5589 1844 5675; baseline -0.001 -20"><span class='ocrx_word' id='word_1_463' title='bbox 185 5589 372 5673; x_wconf 87' lang='lat' dir='ltr'>prescripto</span> <span class='ocrx_word' id='word_1_464' title='bbox 386 5589 472 5657; x_wconf 83' lang='lat' dir='ltr'>festo</span> <span class='ocrx_word' id='word_1_465' title='bbox 485 5591 712 5675; x_wconf 81' lang='lat' dir='ltr'>assignandos,</span> <span class='ocrx_word' id='word_1_466' title='bbox 727 5592 819 5659; x_wconf 88' lang='lat' dir='ltr'>curia</span> <span class='ocrx_word' id='word_1_467' title='bbox 835 5613 907 5659; x_wconf 87' lang='lat' dir='ltr'>mea</span> <span class='ocrx_word' id='word_1_468' title='bbox 924 5592 1093 5659; x_wconf 88' lang='lat' dir='ltr'>antedicta</span> <span class='ocrx_word' id='word_1_469' title='bbox 1109 5596 1151 5659; x_wconf 88' lang='lat' dir='ltr'>ab</span> <span class='ocrx_word' id='word_1_470' title='bbox 1161 5593 1346 5659; x_wconf 91' lang='lat' dir='ltr'>huiusmodi</span> <span class='ocrx_word' id='word_1_471' title='bbox 1357 5612 1474 5659; x_wconf 89' lang='lat' dir='ltr'>census</span> <span class='ocrx_word' id='word_1_472' title='bbox 1484 5590 1649 5675; x_wconf 66' lang='lat' dir='ltr'>honored)</span> <span class='ocrx_word' id='word_1_473' title='bbox 1666 5589 1710 5655; x_wconf 90' lang='lat' dir='ltr'>sit</span> <span class='ocrx_word' id='word_1_474' title='bbox 1726 5589 1844 5655; x_wconf 90' lang='lat' dir='ltr'>soluta.</span> 
     </span>
    </p>
   </div>
   <div class='ocr_carea' id='block_1_9' title="bbox 242 5784 1739 5946">
    <p class='ocr_par' dir='ltr' id='par_1_10' title="bbox 242 5784 1739 5946">
     <span class='ocr_line' id='line_1_46' title="bbox 454 5784 1335 5844; baseline 0.002 -17"><span class='ocrx_word' id='word_1_475' title='bbox 454 5788 480 5838; x_wconf 86' lang='lat' dir='ltr'>u)</span> <span class='ocrx_word' id='word_1_476' title='bbox 496 5784 631 5839; x_wconf 78' lang='lat' dir='ltr'>Gratesend</span> <span class='ocrx_word' id='word_1_477' title='bbox 645 5785 688 5836; x_wconf 79' lang='lat' dir='ltr'>las,</span> <span class='ocrx_word' id='word_1_478' title='bbox 704 5786 750 5829; x_wconf 77' lang='lat' dir='ltr'>wie</span> <span class='ocrx_word' id='word_1_479' title='bbox 764 5786 799 5836; x_wconf 84' lang='grc' dir='ltr'>Β..</span> <span class='ocrx_word' id='word_1_480' title='bbox 817 5785 989 5838; x_wconf 76' lang='grc' dir='ltr'>,ΙιιιΙιιιιιιοιιι·.</span> <span class='ocrx_word' id='word_1_481' title='bbox 1019 5786 1042 5835; x_wconf 84' lang='lat' dir='ltr'>b)</span> <span class='ocrx_word' id='word_1_482' title='bbox 1058 5786 1099 5831; x_wconf 88' lang='lat' dir='ltr'>Or.</span> <span class='ocrx_word' id='word_1_483' title='bbox 1116 5788 1167 5840; x_wconf 57' lang='grc' dir='ltr'>,ιν</span> <span class='ocrx_word' id='word_1_484' title='bbox 1183 5786 1335 5844; x_wconf 67' lang='lat' dir='ltr'>uderflaseip.</span> 
     </span>
     <span class='ocr_line' id='line_1_47' title="bbox 242 5894 1739 5946; baseline 0.003 -4"><span class='ocrx_word' id='word_1_485' title='bbox 242 5899 409 5945; x_wconf 74' lang='lat' dir='ltr'>Frenkrurter</span> <span class='ocrx_word' id='word_1_486' title='bbox 422 5900 621 5945; x_wconf 81' lang='lat' dir='ltr'>Urlruudenbuch</span> <span class='ocrx_word' id='word_1_487' title='bbox 636 5901 652 5945; x_wconf 84' lang='grc' dir='ltr'>Ι.</span> <span class='ocrx_word' id='word_1_488' title='bbox 1707 5894 1739 5946; x_wconf 80' lang='grc'>17</span> 
     </span>
    </p>
   </div>
   <div class='ocr_carea' id='block_1_10' title="bbox 0 0 2205 6384">
    <p class='ocr_par' dir='ltr' id='par_1_11' title="bbox 0 0 2205 6384">
     <span class='ocr_line' id='line_1_48' title="bbox 0 0 2205 6384; baseline 0 0"><span class='ocrx_word' id='word_1_489' title='bbox 0 0 2205 6384; x_wconf 95' lang='lat' dir='ltr'> </span> 
     </span>
    </p>
   </div>
  </div>
 </body>
</html>
