4400 6384
408 327 474 394 454
942 322 1012 377 1306
1030 320 1089 377 Juii
1108 321 1142 376 29
1165 351 1199 362 -
1224 321 1294 378 1306
1311 319 1469 388 September
1488 321 1530 374 14.

409 522 649 606 premissorum.
710 521 832 586 Datum
864 519 1005 602 Alceye,
1039 537 1126 584 anuo
1161 515 1282 584 domini
1312 515 1481 584 millesimo
1514 515 1738 582 tricentesimo
1772 523 1883 598 sexte,
1919 518 2046 584 crastino
2172 504 2173 547 ¹

409 628 556 696 Udalrici
581 623 788 693 confessoris.

620 783 762 850 Aboebn'ft
787 784 826 836 im
850 781 1339 837 Deumcbordene·Dokumeutenbroeb
1359 781 1454 846 fi222.
1499 783 1538 836 st.
1552 784 1587 838 A.
1600 783 1747 852 Stuttpurt.
1769 814 1801 822 -
1820 783 1880 838 Von
1899 784 2043 840 Nutbueiuu

408 1142 500 1221 879.
522 1152 635 1237 Kdniy
659 1151 808 1216 Aibrecid
831 1151 949 1215 deiciunt
971 1149 1032 1214 dea
1056 1148 1275 1230 Fronkfurter
1297 1149 1530 1215 Sedultboissen
1549 1150 1670 1216 Volrud
1693 1155 1748 1215 mit
1770 1150 1835 1222 2¹12
1853 1150 1950 1216 Muri·
1965 1153 2042 1232 jutr-

524 1261 620 1326 licbcr
643 1258 821 1340 Einkeinstc
851 1279 911 1322 von
940 1257 1010 1321 dem
1033 1256 1230 1321 Muri-trecht
1253 1259 1286 1321 in
1309 1255 1504 1338 Frualrfurt,
1535 1261 1591 1321 mic
1608 1258 1777 1323 Vorbchclt
1799 1258 1856 1322 der
1878 1256 2043 1324 Wiedereio-

524 1369 638 1451 testrep
661 1366 720 1448 fiir
742 1371 785 1430 25
810 1363 919 1429 Mori.
967 1362 1161 1444 Frcakfutt,
1187 1368 1275 1428 1306
1298 1363 1371 1428 thli
1393 1369 1446 1428 29.

515 1528 583 1593 Nos
612 1526 771 1592 Albertus
802 1522 854 1589 dei
884 1521 997 1607 gracia
1027 1523 1249 1588 Romanorum
1279 1542 1348 1606 rex,
1377 1543 1506 1606 semper
1536 1531 1706 1607 augustus.
1754 1525 1807 1590 Ad
1837 1524 2043 1592 universorum

410 1635 498 1702 socri
514 1634 539 1709 ΙΙ
556 1632 698 1699 Romani
726 1629 856 1713 imperii
885 1629 1027 1696 fidelium
1059 1627 1214 1695 noticiam
1244 1629 1392 1696 volumus
1416 1628 1598 1712 pervenire,
1625 1633 1710 1712 quod
1734 1629 1884 1698 volentes
1907 1637 2043 1698 strennuo
2173 1661 2174 1696 ι

409 1741 480 1809 viro
503 1739 665 1820 Volrodo,
686 1738 709 1811 ιι
727 1738 868 1804 sculteto
899 1735 933 1801 in
963 1732 1216 1817 Frankeniurd,
1247 1735 1335 1802 fideli
1365 1743 1478 1803 nostro
1509 1736 1646 1818 dilecto,
1678 1739 1719 1802 ob
1750 1742 1850 1821 grata
1880 1757 1940 1819 que
1966 1738 2043 1803 nobis
2173 1753 2174 1764 ¹

408 1846 567 1930 impendit
601 1843 759 1926 obsequia
793 1850 827 1909 et
860 1842 1048 1924 impendere
1083 1840 1236 1924 potnerit
1269 1840 1303 1907 in
1338 1841 1496 1925 futurum,
1528 1843 1752 1911 munificencie
1787 1851 1901 1910 nostre
1934 1864 2044 1910 manum

410 1953 579 2038 porrigere
609 1951 811 2030 debitricem,
836 1949 899 2016 sibi
928 1948 963 2014 in
995 1955 1206 2032 augmentum
1235 1945 1406 2015 feodorum
1437 1969 1578 2032 suorum,
1604 1970 1667 2032 que
1697 1971 1718 2017 a
1748 1950 1842 2017 nobis
1874 1958 1907 2017 et
1929 1950 2043 2033 imperio

410 2060 557 2127 obtinere
582 2057 772 2137 dinoscitur,
798 2060 935 2122 duarum
959 2075 1144 2121 marcarum
1168 2061 1200 2121 et
1225 2054 1355 2122 dimidie
1379 2057 1537 2138 redditur,
1562 2057 1790 2140 percipiendos
1813 2057 1847 2124 in
1872 2056 1955 2124 festo
1969 2057 2044 2122 beati

409 2166 546 2233 Martini
574 2171 661 2249 apud
687 2162 922 2231 Frankeniurd
946 2163 980 2229 in
1004 2161 1197 2241 redditibus
1223 2161 1278 2243 qui
1300 2163 1526 2229 marketrecht
1549 2163 1712 2246 dicuntur,
1738 2163 1835 2230 annis
1859 2164 1996 2248 singuiis,
2017 2169 2044 2228 et

410 2273 605 2340 obtinendos
635 2273 777 2353 tamdiu,
809 2289 977 2353 quousque
1007 2267 1088 2335 dicti
1117 2267 1266 2335 redditus
1297 2288 1356 2351 pro
1386 2269 1506 2354 viginti
1535 2270 1676 2353 quinque
1706 2270 1827 2339 marcis
1858 2271 2045 2337 denariorum

411 2380 650 2446 Coloniensiam
680 2399 739 2462 per
768 2398 828 2444 nos
859 2377 912 2444 vel
941 2382 1073 2443 nostros
1104 2395 1311 2442 successores
1340 2375 1374 2442 in
1404 2376 1539 2458 imperio
1570 2377 1783 2444 redimuntur.
1831 2378 1872 2444 In
1902 2377 1986 2444 cuius
2005 2375 2071 2441 rei·
2174 2431 2175 2466 ι

410 2485 632 2553 testimonium
662 2493 832 2568 presentes
862 2484 994 2550 litteras
1024 2481 1126 2548 scribi
1152 2489 1186 2548 et
1210 2490 1322 2549 nostre
1346 2483 1531 2550 maiestatis
1555 2483 1694 2567 sigillo
1685 2483 1840 2550 iussimus
1865 2482 2044 2552 communiri.

411 2593 479 2659 Dat
465 2600 534 2659 tum
562 2592 597 2659 in
620 2590 866 2670 Frankenfurd,
897 2590 979 2655 IIII.
1001 2589 1162 2656 kalendas
1192 2589 1334 2672 augusti
1383 2591 1479 2656 Anno
1507 2589 1692 2656 dominini.
1714 2587 1780 2656 cic.
1804 2597 1908 2656 sexto.
1952 2587 2047 2671 Regni

410 2719 490 2766 vero
513 2698 619 2764 nostri
642 2717 728 2765 enno
752 2705 880 2764 octavo.

626 2858 672 2913 Or.
687 2857 774 2927 qut.
811 2857 874 2912 Dae
891 2857 953 2910 retr
970 2857 1053 2912 ισιιῦιι
1071 2855 1208 2909 erbaltene
1220 2852 1451 2925 Mujamoaepa
1468 2855 1554 2926 bdnqt
1566 2873 1604 2912 un
1620 2855 1813 2926 Pqeatstree'fen
1827 2872 1873 2909 aa.
1909 2855 1945 2909 St.
1958 2855 1990 2908 A.
2005 2853 2047 2906 Fr.

624 2947 821 3103 ιιιιῖι
832 2949 1048 3101 iam,
1157 3033 1202 3100 ι,
1221 3037 1273 3088 ιι
1292 3033 1362 3088 a
1380 3033 1440 3088 a„
1461 3034 1508 3089 a.
1530 3075 1535 3086 .

629 3126 723 3179 Vera:
740 3125 784 3189 B,
805 3125 871 3195 ch.
886 3125 957 3188 Ait,
971 3123 1024 3177 No.
1040 3127 1101 3191 550,
1121 3121 1168 3176 Fr.
1182 3121 1252 3191 Ino,
1272 3122 1334 3189 ΙΙΙ,
1353 3125 1378 3176 3.

410 3482 502 3560 880.
526 3491 659 3574 Syncnd
689 3491 756 3554 ιιιιιι
784 3489 925 3572 Krafto,
956 3489 1087 3553 Brd'der
1118 3511 1177 3554 uon
1204 3488 1455 3566 Riideabauscn,
1487 3487 1720 3572 Burqmunaea
1748 3509 1790 3552 eu
1824 3489 1963 3566 Giessea,
1992 3485 2049 3549 ιιιιιι
2175 3577 2176 3582 ¹

526 3598 620 3661 doen
644 3596 776 3662 Franco
806 3597 978 3676 verdout'en
1008 3596 1098 3660 ibren
1129 3615 1188 3660 con
1214 3596 1318 3663 Oitr'lie
1340 3594 1532 3660 Knobloucb
1562 3596 1701 3659 ererbten
1725 3595 1799 3676 Hos
1827 3599 1859 3660 in
1883 3592 2052 3674 Frenisrod
2175 3587 2176 3600 ³

526 3726 569 3768 αιι
591 3705 653 3768 das
675 3702 808 3768 Klostcr
832 3703 1087 3768 Pudersbousen.
1138 3707 1224 3766 1306
1247 3703 1422 3784 September
1446 3707 1498 3766 14.

520 3915 526 3928 .
546 3917 552 3929 .
571 3865 639 3929 Nos
656 3914 662 3928 .
681 3865 855 3946 Synundus
879 3869 912 3927 et
928 3858 1043 3928 Cruito
1059 3858 1185 3926 iratres
1204 3863 1244 3927 de
1260 3861 1493 3936 Rudenhusen,
1511 3868 1698 3928 castrenses
1714 3859 1749 3927 iu
1765 3862 1892 3944 Gyzen,
1908 3875 2054 3940 recogno

412 3970 532 4037 scimus
555 3970 618 4036 hiis
634 3969 658 4042 ii
671 3969 795 4036 nostris
814 3967 929 4034 litteris
945 3967 1136 4048 putentibus
1153 3967 1280 4050 publice
1298 3970 1522 4050 protestando,
1540 3971 1636 4050 quod,
1655 3967 1901 4034 coorrmunicatis
1917 3963 2055 4033 manibus

412 4084 599 4143 nostrarum
624 4075 797 4159 coniugum
812 4073 1058 4158 legittimerum,
1082 4073 1236 4141 videlicet
1255 4073 1278 4146 il
1296 4074 1401 4158 Odyle
1419 4081 1452 4140 et
1468 4074 1630 4156 Elizabet,
1656 4093 1734 4141 vero
1751 4073 1954 4142 vendicionis
1970 4070 2054 4136 titulo

411 4182 615 4250 vendidimus
645 4181 954 4262 sanctimoniabuS,⁸
978 4233 983 4244 .
1003 4234 1009 4246 .
1028 4179 1175 4247 abatisse
1206 4187 1240 4246 et
1271 4182 1332 4247 toti
1363 4169 1541 4249 conventui
1563 4179 1597 4248 in
1616 4181 1639 4254 ιι
1656 4181 1918 4261 Patdenshusen,
1944 4175 2055 4246 ordinis

412 4288 660 4374 cysterciensis,
686 4286 810 4354 curiam
833 4295 981 4353 nostram
1005 4286 1103 4354 sitam
1127 4285 1160 4352 in
1183 4285 1427 4370 Frankeniord,
1453 4307 1550 4370 quam
1566 4287 1769 4370 possedimus
1786 4307 1827 4354 ex
1843 4295 1940 4371 parte
1956 4289 2055 4350 nostre

411 4395 529 4462 matris
563 4394 704 4479 Odylige
744 4393 831 4460 dicte
866 4393 1062 4461 Clobelaucb
1103 4394 1156 4476 pie
1195 4394 1363 4476 memorie,
1401 4393 1470 4460 sine
1510 4394 1597 4461 omni
1630 4394 1872 4476 inquietatione
1910 4399 2056 4477 perpetue

411 4501 658 4586 possidendam;
694 4507 918 4583 protestamur
947 4501 1069 4572 eciam.
1100 4520 1160 4566 nos
1191 4500 1336 4568 debitam
1366 4499 1627 4585 resignecionem
1658 4501 1806 4584 predicte
1838 4501 1929 4568 curie
1959 4513 2057 4565 comm

411 4609 524 4676 multis
541 4608 623 4677 viris
638 4607 775 4692 ydoneis
791 4615 891 4690 atque
907 4606 1019 4689 probis
1036 4605 1164 4689 iecisse,
1190 4627 1327 4689 quorum
1343 4607 1475 4674 nomina
1490 4610 1735 4690 subsequuntur
1751 4615 1851 4688 etque
1867 4607 2057 4674 scribunt-ur.

411 4715 568 4784 videlicet
597 4714 686 4782 Oino
716 4715 809 4781 miles
840 4715 947 4781 dictus
977 4714 1107 4796 Helbir,
1132 4714 1232 4780 Ecclo
1264 4714 1371 4781 dictus
1403 4714 1511 4798 Slune,
1536 4716 1711 4799 Synandus
1740 4713 1849 4782 iunior
1880 4717 1922 4781 de
1944 4711 2059 4780 Bucbe

412 4824 563 4905 seecken,
589 4823 760 4890 Johannes
784 4825 824 4888 de
847 4822 1043 4904 Kinzenbat,
1068 4820 1206 4903 milites;
1238 4821 1433 4888 Lodewicus
1457 4829 1491 4888 et
1515 4821 1675 4890 Gerlacus
1699 4821 1808 4889 dictus
1832 4817 2058 4905 Drngefleiscb

413 4927 568 5012 scabini,b
591 4936 626 4997 et
648 4949 745 5011 quam
768 4928 879 5012 plures
903 4926 981 4994 aliib
1005 4927 1238 5012 fidedigni.E
1241 4927 1348 5010 tquia
1363 4927 1480 5012 sigillis
1496 4927 1637 5011 propriis
1653 4948 1813 5010 caremus,
1839 4927 1915 4994 ideo
1932 4924 2059 5011 sigillum

414 5035 644 5104 universitatis
680 5036 714 5101 in
745 5035 859 5120 Gyzen
894 5035 929 5101 in
964 5034 1247 5101 confirmacionem
1281 5041 1380 5117 atque
1415 5034 1636 5102 testimonium
1649 5034 1791 5139 epponi
1821 5033 2059 5118 procuravimus

414 5142 623 5226 presentibus
662 5142 921 5226 premissorum*
989 5143 1112 5208 Datum
1153 5161 1238 5208 anno
1275 5140 1395 5208 domini
1435 5143 1475 5207 ιιι.
1509 5139 1574 5208 ece.
1602 5107 1671 5224 Vi,
1696 5141 1730 5208 in
1766 5141 1818 5208 die
1853 5135 2060 5209 exultationis

413 5258 527 5316 sancte
552 5250 669 5316 crucis.

628 5411 673 5464 Or.
687 5410 776 5480 Ppmt.
814 5408 876 5464 Das
895 5408 1071 5479 attaapende
1089 5407 1178 5478 δέσμει
1196 5407 1269 5474 scirit.
1307 5407 1452 5477 diductos,
1472 5408 1673 5464 Reiobsorcbio.

626 5500 727 5554 Geir..-
746 5499 853 5567 (iudeo,
873 5497 937 5554 Ood.
951 5498 1039 5567 Dipi,
1058 5497 1121 5565 ΠΙ,
1140 5501 1193 5552 774
1213 5519 1246 5544 =
1266 5497 1310 5566 B.,
1329 5499 1390 5552 372.

632 5589 725 5642 Vera:
743 5587 849 5656 Scribo,
868 5587 894 5656 1,
913 5587 967 5642 No.
981 5591 1041 5642 734.

678 5784 703 5833 t)
719 5781 768 5824 Sc!
795 5780 820 5831 b)
834 5779 909 5824 (leber
923 5781 968 5824 der
982 5780 1056 5824 Zeiie.
