4400 6384
364 350 430 415 180
898 345 967 399 1276
986 345 1097 415 August
1117 344 1149 399 17
1170 374 1202 383 -
1223 343 1293 397 1276
1312 345 1422 413 August
1440 342 1482 396 18.

361 543 486 629 midos,
518 542 647 610 milites,
696 542 879 625 Volmarus,
912 540 1082 610 Cimradus
1098 542 1222 623 Webel‚
1247 540 1427 607 Werenber
1450 540 1684 623 deWanbacb,
1715 540 1956 626 Gyselberhtns
1978 546 2020 609 de
2074 591 2078 595 Α

361 651 578 733 Holzehusen,
605 650 693 717 cives
717 656 750 715 et
774 648 900 716 scabini
923 647 1070 717 civitatis
1093 647 1270 716 antedicto.
1317 648 1357 713 In
1381 645 1473 713 cuins
1496 646 1546 713 rei
1567 647 1756 715 firmitatem
1778 650 1864 716 hanc
1878 650 2021 718 litteram

362 757 460 843 sigilli
490 757 553 825 mei
579 756 754 824 munimine
779 755 942 823 roboravi.
990 758 1111 822 Actum
1126 754 1319 835 Wormacie,
1345 774 1431 821 anno
1456 754 1576 821 domini
1599 755 1767 823 millesimo
1790 752 1833 823 o‘r.
1855 737 2018 839 lXXl'i’,

361 872 479 947 quarto
503 866 576 931 idus
601 864 743 949 augusti,
769 864 802 930 in
826 862 939 947 vigilia
962 863 1053 930 beati
1076 862 1249 929 Laurentii
1272 862 1426 928 martiris.

576 1008 622 1062 Or.
636 1007 723 1079 Ppmt.
760 1006 935 1077 Aabdrrpenci
954 1005 1042 1077 Sicpel
1059 1007 1107 1061 des
1124 1005 1321 1061 Munithciaaeu
1339 1004 1474 1059 Heinrich
1493 1009 1544 1071 (aa
1562 1005 1614 1060 den
1634 1006 1768 1062 Rdudera
1787 1008 1966 1079 baoebddiqt).

574 1096 613 1151 St.
627 1097 662 1151 A.
677 1097 728 1151 Fr.
746 1095 1044 1151 Daremma-Ure.
1061 1095 1113 1149 No.
1131 1100 1172 1150 17.

505 1244 510 1253 ,
575 1186 675 1241 dedra:
693 1186 737 1255 B,
757 1189 809 1239 178
827 1186 897 1241 norb
915 1185 974 1239 dem
996 1183 1041 1239 Or.
1062 1225 1068 1237 .

578 1275 670 1330 Vera.-
688 1274 771 1329 a-R.
786 1275 839 1329 No.
854 1276 914 1329 584.

360 1482 452 1560 370.
477 1490 655 1575 Barpprnf
676 1490 797 1572 errprcrt
820 1511 879 1555 roa
902 1488 1078 1573 Friedberp
1103 1490 1247 1573 bestiiiipt
1269 1488 1329 1553 den
1350 1488 1497 1570 l'rrlcoof
1517 1510 1576 1553 ron
1599 1489 1869 1554 rmelrslelmbcrrn
1895 1490 2019 1556 Giilrrrr

476 1620 536 1663 roo
563 1599 665 1663 Sedere
699 1598 754 1662 ries
785 1596 903 1663 Ridere
930 1598 1048 1662 ll'irdrr
1082 1617 1141 1661 ron
1170 1594 1416 1679 Prcrmpesircr'm
1445 1617 1488 1661 arr
1518 1596 1579 1661 dos
1607 1594 1949 1663 Dauscbordanaavs
1978 1622 2020 1662 err

475 1706 746 1781 Sorlrseaborrsea,
777 1704 928 1769 adeladem
958 1704 1013 1768 der
1041 1702 1220 1784 Verlv'r'user
1248 1706 1403 1786 pausante
1429 1702 1625 1786 Eipmyiiter
1653 1725 1695 1766 arr-
1727 1702 2021 1788 Langen-Dionen

474 1812 576 1893 (lusoir
598 1811 669 1875 deur
691 1808 806 1875 Reiclrc
828 1832 869 1875 au
893 1810 997 1875 Lebeu
1021 1810 1233 1894 orrfqetrapen
1255 1810 1319 1874 aar.
1366 1808 1560 1892 Fraakfurt,
1586 1814 1674 1874 1276
1697 1810 1826 1894 August
1851 1817 1903 1875 17.

465 1954 505 2019 In
535 1952 664 2019 nomine
695 1959 809 2018 sancte
841 1960 873 2018 et
902 1951 1068 2019 individue
1093 1950 1262 2017 trinitatis.
1310 1950 1372 2033 Ea,
1397 1969 1459 2033 que
1482 1957 1643 2035 geruntur
1665 1950 1699 2017 in
1724 1958 1879 2035 tempore,
1904 1961 2021 2019 nutum

358 2060 514 2143 temporis
545 2060 821 2145 consequnturtl),
855 2058 883 2125 si
913 2078 978 2126 non
1008 2058 1194 2125 litterarum
1225 2057 1411 2125 testimonio
1442 2058 1741 2141 perhennenturlil.
1798 2059 1925 2126 Idcirco
1958 2081 2020 2144 ego

358 2168 568 2251 Ruprechtus
599 2165 798 2250 burgravius
827 2165 973 2233 civitatis
997 2165 1030 2232 in
1055 2165 1238 2249 Friedberg
1261 2164 1409 2232 omnibus
1433 2183 1569 2247 presens
1592 2164 1751 2248 scriptum
1776 2165 1898 2234 visuris
1922 2167 2020 2249 cupio

358 2274 538 2355 declarare,
564 2273 758 2355 emptionem
776 2292 834 2354 per
850 2271 974 2340 iratres
991 2276 1104 2339 domus
1120 2271 1322 2339 Thentonice
1337 2271 1372 2338 in
1390 2272 1641 2339 Sacbsenbuscn
1658 2270 1781 2340 iactam
1798 2293 1871 2340 cum
1889 2274 2021 2340 domino

359 2380 529 2447 Winthero
546 2379 648 2446 milite
665 2383 704 2446 de
718 2379 947 2463 Brungisheim
962 2380 1149 2465 iugerorum
1165 2382 1379 2461 quorundam,
1393 2398 1456 2460 que
1471 2379 1655 2463 vulgariter
1673 2378 1783 2447 lroebt
1798 2380 2024 2460 nominantur,

362 2506 382 2554 a
407 2486 613 2555 serenissimo
638 2484 781 2553 Rudollo
805 2487 1025 2553 Romanorum
1050 2506 1128 2571 rege
1152 2485 1400 2569 appropriatam
1423 2505 1496 2553 esse
1520 2493 1619 2567 atque
1643 2486 1819 2553 solidatam
1842 2487 1903 2553 tali
1925 2491 2024 2554 modo

360 2592 522 2660 fratribus
550 2593 737 2675 antedictis,
763 2596 848 2675 quod
872 2592 1040 2676 prodictus
1056 2594 1209 2659 Winther
1231 2591 1328 2658 michi
1351 2592 1529 2677 burgravio
1554 2593 1625 2660 vice
1649 2592 1777 2677 imperii
1800 2592 1911 2675 aliqua
1935 2596 2026 2661 bona

361 2703 401 2767 de
434 2700 501 2766 suis
532 2700 795 2782 possessionibus
825 2700 858 2765 in
889 2699 1254 2782 recompensacionem·
1278 2698 1485 2766 venditorum
1516 2698 1689 2784 assignare
1712 2702 1871 2781 debebat3
1903 2708 1938 2767 et
1962 2703 2025 2767 boc

364 2809 559 2890 completum
590 2807 797 2891 presentibus
827 2804 936 2874 fateor
967 2813 1001 2874 et
1033 2812 1210 2889 protestor.
1258 2807 1352 2872 Bona
1382 2806 1696 2889 recompensationis
1727 2816 1804 2873 sunt
1830 2816 1901 2873 tres
1924 2808 2024 2889 habe,

363 2918 474 2981 decem
497 2915 602 2981 mansi
624 2915 658 2981 in
676 2914 978 2998 Langendieppaclr
1002 2913 1076 2979 sita.
1116 2912 1163 2978 Et
1186 2932 1226 2979 ne
1252 2919 1319 2978 tam
1344 2912 1556 2979 racionabilis
1579 2910 1672 2979 iacta
1696 2913 1841 2980 venditio
1865 2913 1901 2979 in
1916 2914 2026 2996 preci-

364 3021 476 3105 pitium
510 3024 659 3103 ducatur,
685 3028 871 3104 presentem
903 3018 1033 3086 literam
1065 3017 1164 3102 sigilli
1194 3018 1300 3084 nostri
1330 3017 1504 3084 munimine
1535 3018 1737 3102 consignavi.
1784 3019 1903 3086 Testes
1926 3020 2026 3086 huius

364 3135 457 3194 sunt:
476 3128 703 3195 Hartmundus
719 3126 826 3194 frater
842 3125 1013 3210 burgravii
1029 3125 1198 3200 antedicti,
1218 3125 1430 3207 Ruprechtus
1445 3126 1531 3191 filius
1548 3145 1637 3207 sune,
1652 3124 1787 3207 milites3
1806 3126 2026 3194 seruandusb

363 3238 403 3302 de
427 3234 555 3317 Morlin,
580 3236 786 3301 Hartmudus
817 3236 856 3299 de
880 3233 1110 3314 Eutelsheim‚⁰
1140 3231 1329 3298 Fridericus
1361 3234 1401 3297 de
1425 3231 1650 3311 Schwallreim,
1683 3238 1717 3297 et
1748 3231 1804 3298 alii
1833 3233 1897 3300 fide
1921 3234 2025 3319 digni.

364 3344 485 3409 Datum
521 3339 785 3418 Franckenlurt,
822 3359 907 3406 anno
950 3334 1069 3405 domini
1110 3344 1244 3404 tanseat
1279 3337 1502 3405 zweihundert
1537 3338 1696 3419 lxxvi,
1737 3338 1828 3404 XVI.
1862 3340 2028 3407 kalendas

364 3448 568 3532 septembris.

576 3572 718 3638 Absrbrift
735 3572 773 3626 im
792 3570 1282 3627 Deubcbordena·Doluvmeutenbuob
1299 3568 1377 3636 1114.
1416 3569 1456 3623 St.
1472 3572 1506 3624 A.
1520 3569 1666 3641 stuttgart.
1687 3601 1720 3608 -
1740 3570 1799 3625 Voa
1817 3570 1984 3626 Natbuoiuc.

579 3662 679 3717 Gala:
699 3661 818 3730 Reimer,
837 3661 856 3713 I
860 3661 900 3727 V,
920 3664 973 3715 814
991 3660 1061 3715 narb
1080 3660 1168 3715 dieser
1183 3659 1308 3729 Vorlaqe.

366 3868 457 3946 371.
482 3876 592 3961 Kduip
619 3876 748 3958 Rrrdols
771 3876 902 3941 umaeibt
931 3876 991 3939 deu
1015 3874 1048 3939 F
1047 3874 1234 3955 ranbsurter
1257 3874 1410 3958 Bibpern
1439 3878 1506 3939 riae
1536 3896 1595 3940 rou
1626 3876 1719 3940 ibren
1747 3877 1927 3961 grimagneto
1948 3876 2030 3942 Eur·

475 3992 605 4068 pdruap
638 3984 704 4049 aad
738 3984 890 4048 aestuant
921 3982 971 4047 dic
1003 4002 1063 4047 bora
1094 3982 1189 4046 tenen
1221 3984 1255 4045 io
1287 3980 1347 4044 dea
1378 3981 1528 4045 adicio-stem
1558 3984 1624 4045 brier
1652 3982 1778 4047 Jaoren
1806 4006 1846 4048 to
1876 3985 2033 4050 zoilorde

482 4091 709 4156 Reiolvssteuer.
758 4091 890 4169 librare,
916 4094 1004 4154 1276
1028 4088 1157 4173 August
1182 4093 1234 4153 18.

475 4229 639 4298 Rudolius
662 4231 714 4297 dei
738 4231 850 4315 gracia
866 4232 1087 4297 Romanorum
1104 4250 1173 4311 rex,
1198 4249 1325 4311 semper
1342 4236 1513 4313 augustus.
1554 4230 1726 4298 Universis
1741 4230 1871 4313 imperii
1886 4233 2032 4301 Romani

368 4338 517 4406 fidelibus
550 4344 721 4420 presentes
753 4336 877 4403 litteras
909 4336 1118 4419 inspecturis,
1143 4336 1288 4421 graciam
1320 4341 1354 4402 et
1386 4356 1479 4438 omne
1509 4339 1637 4404 bonum.
1693 4338 1938 4407 Rebellionem¹
1969 4360 2030 4408 seu

369 4444 565 4514 temeritatis
589 4444 770 4527 audaciam,
796 4464 835 4510 ac
859 4442 1035 4510 uelandam
1059 4443 1238 4526 vesaniam,
1264 4464 1362 4526 quam
1385 4444 1474 4513 cives
1498 4448 1538 4511 de
1558 4442 1809 4513 Franlriniord‘¹
1833 4436 2032 4515 dicebantur

370 4560 487 4620 contra
517 4572 576 4618 nos
607 4558 640 4618 et
667 4551 838 4633 imperium
868 4550 1067 4633 concepisse,
1091 4551 1169 4617 licet
1193 4571 1229 4618 se
1251 4550 1467 4635 inculpabiles
1489 4551 1627 4619 fimniter
1650 4552 1860 4635 affirmarent,
1885 4572 1946 4620 nos
1969 4574 2033 4637 pro

369 4659 463 4728 nobis
488 4665 521 4725 et
536 4657 671 4740 imperio
689 4656 829 4739 prefatis
845 4656 972 4725 civibus
988 4658 1139 4743 graciose
1154 4658 1352 4725 remittimus
1368 4666 1402 4725 et
1416 4658 1600 4726 liberaliter
1615 4659 1830 4745 indulgemus.
1870 4660 2033 4728 Nolentes

371 4766 492 4833 eisdem
521 4764 692 4831 occasione
722 4763 906 4831 huiusmodi
935 4764 1010 4831 ullis
1033 4784 1176 4847 unquam
1200 4765 1401 4847 temporibus
1425 4765 1546 4847 aliquid
1570 4766 1737 4850 imputari.
1784 4766 1831 4833 Et
1853 4766 1932 4849 quia
1954 4788 2034 4851 pre·

371 4872 452 4939 dicti
484 4871 572 4938 cives
606 4878 777 4954 acceptum
810 4878 844 4938 et
876 4871 1039 4953 placidum
1070 4871 1106 4939 in
1138 4872 1383 4939 contribucione
1416 4872 1502 4939 mille
1534 4880 1568 4939 et
1598 4876 1813 4941 ducentarum
1842 4893 2034 4941 marcarum

372 4978 610 5046 boloniensium
634 4978 842 5045 denariorum
862 4986 975 5045 nostro
992 4978 1125 5045 culmini
1140 4979 1369 5063 impenderunt
1385 4978 1569 5061 servicium,
1594 5000 1654 5047 nos
1669 4981 1819 5049 volentes
1833 4980 2037 5049 liberalitati

372 5105 483 5153 eorum
503 5084 673 5169 condigne,
698 5092 796 5167 prout
813 5088 979 5168 condecet,
1006 5089 1214 5169 respondere,
1240 5089 1370 5153 eosdem
1386 5107 1408 5153 a
1422 5106 1508 5153 nuno
1524 5106 1627 5168 usque
1644 5086 1687 5153 ad
1703 5085 1824 5154 festum
1840 5088 2037 5157 nativitatis

372 5192 530 5263 dominice
561 5198 594 5259 et
626 5190 744 5258 abinde
768 5211 827 5274 per
852 5192 1039 5259 continuum
1063 5192 1238 5260 triennium
1263 5194 1305 5259 ab
1329 5193 1416 5260 omni
1439 5193 1610 5260 exactione
1634 5188 1827 5260 dimittimus
1850 5194 1973 5263 liberos
1996 5206 2037 5263 et

601 5386 664 5497 Fa)
678 5383 797 5498 ἴονζαξὲι
820 5384 886 5437 „iuro
909 5388 1084 5439 compensum.
1126 5386 1150 5438 b)
1175 5384 1366 5437 ,domandurt‘
1408 5386 1913 5439 c).unrtmaunusdobnoo1nshorm·r
1953 5388 1978 5443 d)
2002 5390 2040 5434 Ia

586 5485 596 5509 ,
618 5464 753 5499 nucero
785 5456 803 5496 ¹.

430 5624 437 5655 ¹
456 5620 500 5675 Zu
526 5619 624 5673 diesem
644 5618 752 5672 Punite
769 5617 805 5673 iat
823 5618 868 5672 die
887 5618 928 5673 bai
946 5619 1072 5688 Bdlmrer,
1091 5620 1173 5687 Acta,
1228 5636 1264 5674 eu
1290 5620 1463 5691 capittelen,
1491 5622 1586 5675 masao
1611 5620 1656 5675 dic
1680 5621 1886 5693 Beorerlrunpen
1903 5622 2045 5683 Rediit-hs

374 5716 427 5767 327
439 5706 582 5779 pedruclrle
596 5705 726 5761 Urlrunde
738 5704 832 5777 Kdaip
846 5706 965 5773 Rudolfs
977 5708 1026 5774 [dtr
1039 5708 1083 5761 die
1094 5707 1176 5763 Sradv
1229 5726 1264 5763 aa
1283 5708 1367 5763 B.·R.
1381 5710 1435 5763 No.
1449 5713 1509 5763 641.

376 5800 529 5869 Friedberp
541 5796 567 5849 d.
578 5796 604 5849 d.
620 5794 726 5864 Maiae,
740 5795 930 5864 1276Apn'13
943 5796 1038 5861 (a-rr.
1048 5798 1100 5852 No.
1110 5801 1175 5866 540)
