4400 6384
408 339 452 406 26
1197 335 1274 390 rare.

408 527 474 604 50.
497 535 562 600 Aoo
587 535 731 600 Wilbelm
755 555 814 598 von
836 533 1015 618 Aelisburp
1046 533 1196 598 belandct
1225 536 1315 597 einen
1336 534 1492 598 zwisclaen
1514 536 1630 597 retorem
1652 533 1785 598 Kloatcr
1807 536 1873 600 aad
1895 535 1953 598 der
1975 535 2062 598 Stodt

497 642 682 724 Fruakfurt
705 643 781 706 r'tber
803 642 853 706 dte
876 662 929 706 um
946 640 1033 722 Hose
1047 641 1187 705 Riedern
1209 641 1352 725 pelepene
1366 639 1472 706 Lache
1494 641 1562 704 und
1584 645 1651 706 eine
1672 663 1714 705 aa
1731 642 1907 708 dcmselbm
1920 642 2063 726 pehdripe

508 751 608 816 Wocse
629 749 865 834 pesclulosseneu
885 747 1031 832 Vertrap.
1079 754 1176 813 1219.

516 892 638 957 Frater
652 889 844 956 wilhelmus
860 891 965 956 abbas
987 888 1021 955 in
1038 888 1228 972 Aulisburg,
1253 889 1417 956 universis
1433 888 1557 956 Christi
1571 889 1731 956 fidelibus.
1768 889 1900 973 Scripto
1920 889 2064 973 presenti

410 998 583 1082 pandimus
614 997 675 1079 his,
707 995 763 1078 qui
793 1015 880 1062 nunc
912 1003 999 1078 suut,
1033 1003 1067 1062 et
1089 993 1222 1078 futuris,
1256 999 1343 1078 quod
1374 1015 1435 1063 nos
1467 999 1607 1078 quodam
1630 995 1653 1069 u
1680 1003 1780 1079 pacto
1812 1016 1885 1063 cum
1916 996 2062 1063 honestis

410 1103 593 1172 hominibus
618 1103 744 1172 civibus
773 1105 813 1170 de
836 1103 1072 1171 Frankenvort
1101 1102 1322 1184 convenimus,
1352 1108 1389 1168 ut
1420 1105 1569 1186 arbusta,
1601 1103 1743 1187 campi·
1764 1104 1882 1170 lacus·
1904 1111 1939 1170 et
1969 1111 2065 1186 prata

410 1231 512 1294 prope
536 1209 655 1277 curtim
677 1216 825 1277 nostram
838 1209 975 1276 Riderin
999 1209 1074 1290 sita,
1091 1209 1117 1284 ll
1134 1211 1176 1276 ab
1200 1209 1345 1292 ipsorum
1361 1209 1550 1276 concivibus
1565 1218 1600 1276 et
1615 1217 1705 1277 etate
1724 1209 1959 1278 maturioribus
1973 1209 2065 1276 nobis

410 1322 638 1385 demonstrata
661 1323 695 1383 et
717 1316 849 1401 vulgari
871 1317 1031 1384 vocabulo
1055 1316 1150 1383 lache
1173 1318 1216 1382 ab
1240 1315 1362 1384 eisdem
1387 1316 1572 1400 designata,
1604 1317 1691 1384 dicte
1721 1315 1811 1384 curie
1840 1324 1954 1385 nostre
1985 1319 2027 1383 ad
2042 1316 2063 1389 u

411 1445 537 1493 omnem
560 1444 654 1492 usum
677 1423 844 1492 deservire
868 1425 1011 1491 debeant
1033 1422 1067 1490 in
1090 1429 1295 1506 perpetuum,
1325 1425 1413 1489 unde
1436 1423 1543 1490 nostri
1565 1423 1690 1491 fratres
1718 1423 1801 1492 inibi
1829 1431 2065 1490 commorantes

410 1530 475 1598 11*ι
496 1531 617 1598 solidos
640 1531 848 1598 denariorum
871 1537 1000 1598 monete
1023 1531 1063 1596 de
1079 1531 1315 1598 Frankenvort
1337 1530 1424 1596 omni
1447 1551 1533 1598 auno
1549 1529 1583 1597 in
1598 1528 1686 1597 festo
1704 1530 1796 1598 beati
1811 1530 1954 1616 Remigii
1968 1530 2066 1597 nomi-

411 1639 500 1706 natis
514 1638 733 1722 burgensibus
746 1637 944 1721 persolvent.
962 1636 1162 1704 Adiunctum
1175 1643 1328 1720 preterea
1340 1643 1390 1703 est
1403 1639 1581 1704 accedente
1593 1639 1769 1705 eorundem
1781 1657 1943 1704 consensu
1954 1639 2067 1705 volun-

411 1745 508 1828 tario,
532 1751 569 1811 ut
593 1751 724 1827 pratum
746 1743 834 1810 dicte
856 1743 945 1811 curie
961 1752 1073 1811 nostre
1088 1743 1124 1810 iu
1138 1743 1285 1827 ipsorum
1300 1763 1425 1827 pascua
1440 1744 1601 1811 communi
1616 1743 1714 1811 situm
1730 1748 1773 1811 ad
1794 1765 1888 1811 suam
1902 1744 2067 1810 retineant

413 1851 677 1934 communionem,
707 1851 758 1918 ita
788 1853 961 1917 dumtaxat
990 1857 1028 1917 ut
1057 1850 1153 1917 nobis
1182 1850 1343 1934 condigno
1374 1857 1526 1917 restauro
1556 1859 1590 1917 et
1620 1851 1818 1934 competenti
1847 1855 2066 1934 respondeant

413 1961 453 2026 de
476 1957 619 2041 paludeb
645 1977 747 2040 prope
777 1957 955 2040 pomerium
986 1963 1098 2024 nostre
1130 1955 1219 2025 curie
1249 1958 1325 2024 sita.
1371 1958 1496 2024 Prout⁰
1521 1957 1583 2024 boc
1613 1957 1770 2041 scriptum
1801 1967 1836 2026 et
1865 1959 1927 2025 hec
1957 1957 2065 2041 pactio

411 2065 605 2132 inconcusse
620 2063 816 2132 stabilitatis
832 2066 932 2132 robur
948 2064 1106 2146 obtineat,
1124 2063 1269 2146 ipsorum
1284 2063 1404 2132 civium
1419 2065 1510 2132 bulla
1525 2065 1712 2132 confirmari
1726 2065 1900 2148 efferimus,
1921 2072 2066 2132 nostrum

413 2168 562 2254 pariterd
587 2171 727 2256 sigillum
751 2171 930 2256 affigentes.
967 2171 1084 2236 Testes
1107 2171 1204 2237 buius
1226 2169 1276 2237 rei
1298 2177 1333 2237 et
1355 2170 1411 2252 qui
1432 2172 1494 2237 bec
1517 2172 1645 2238 nomine
1665 2171 1812 2239 civitatis
1835 2178 1913 2238 sunt
1929 2172 2066 2251 executi,

413 2277 447 2344 hi
469 2285 560 2345 suut:
585 2277 749 2344 Heuricus
769 2277 907 2360 villicus,
933 2278 1088 2344 Rukerus
1103 2279 1296 2358 advocatus,
1320 2276 1479 2360 Ripertus
1495 2281 1536 2344 de
1553 2279 1771 2360 Sasenbuseu,
1795 2279 1968 2345 lohannes
1983 2278 2068 2344 filius

414 2385 578 2468 advocati,
610 2384 775 2452 Henricus
801 2384 885 2466 Viol,
919 2383 1123 2451 Hartmuuus
1155 2385 1285 2466 Bresto,
1319 2385 1483 2451 Henricus
1515 2385 1669 2467 Gerildis,
1703 2385 1926 2452 Herimannus
1956 2386 2067 2469 Niger,

413 2493 638 2572 Baldemarus,
670 2490 853 2575 Wigandus
884 2491 998 2575 pistor.
1047 2491 1210 2556 Ductores
1239 2490 1274 2557 in
1305 2489 1515 2558 distinctione
1543 2493 1689 2558 locorum
1717 2491 1752 2558 bi
1782 2498 1875 2558 sunt:
1906 2491 2068 2558 Henricus

413 2597 705 2679 Boklreuheimere‚
737 2597 900 2663 Rudollus
931 2598 1064 2678 Munke,
1095 2596 1229 2678 Albero,
1261 2599 1443 2679 Cunradus,
1474 2598 1647 2677 Ernestus,
1679 2595 1854 2679 zeizolfus,
1889 2598 1944 2680 qui
1976 2598 2068 2665 nobis

414 2710 591 2786 nostroque
624 2703 793 2771 cellerario
826 2701 932 2771 fratre
965 2703 1167 2771 Theoderico
1200 2711 1234 2770 et
1266 2703 1372 2770 fratre
1404 2703 1547 2770 Henrico
1580 2708 1621 2770 de
1650 2706 1861 2789 Ameneburg
1890 2704 2068 2770 infirmario

415 2810 601 2893 nostrisque
625 2811 793 2879 conversis
808 2811 952 2877 Henrico
977 2817 1011 2876 et
1034 2809 1232 2877 Heidenrico
1248 2811 1322 2876 loca
1342 2810 1554 2877 terminorum
1570 2810 1776 2893 apertissime
1792 2812 2067 2878 demonstrarunt.

416 2918 483 2983 Noc
507 2920 770 3000 pretereundum,
795 2921 881 2998 quod
904 2917 938 2984 in
962 2915 1115 3000 pactione
1138 2935 1301 2985 annexum
1324 2925 1385 2998 est,
1411 2917 1536 2984 scilicet
1559 2924 1597 2984 ut
1619 2917 1649 2984 si
1670 2918 1705 2984 in
1727 2917 1940 2984 distinctione
1958 2917 2069 2984 termi-

415 3043 531 3090 norum
554 3023 675 3105 aliquid
700 3031 876 3108 agrorum⁸
900 3026 1175 3091 arbustorumve⁸
1198 3023 1292 3090 nobis
1308 3025 1570 3106 subtraheretur,
1596 3027 1798 3091 tantumdem
1817 3025 1898 3107 ipsis
1914 3028 1954 3124 qe
1971 3043 2069 3090 censu

416 3137 592 3214 pretaxato
604 3131 754 3213 deperire
766 3131 944 3198 videretur.
969 3132 1057 3197 Acta
1069 3137 1147 3196 sunt
1158 3131 1219 3196 bec
1232 3151 1317 3197 anno
1329 3130 1568 3197 iucarnationis
1581 3130 1702 3197 domini
1716 3131 1885 3198 millesimo
1898 3111 2068 3209 CCXlX,

416 3243 577 3320 regnante
600 3237 832 3320 gloriosissimo
857 3239 1079 3304 Romanorum
1102 3257 1181 3321 rege
1204 3236 1384 3304 Friderico.

631 3377 676 3432 Or.
690 3378 795 3445 Ppmt:
813 3377 986 3448 Arrlrdapead
1005 3381 1034 3444 1)
1053 3377 1217 3449 Stadtar'cpel
1238 3383 1280 3445 (1)
1307 3378 1429 3444 (wsb).
1465 3381 1494 3444 2)
1513 3378 1707 3448 mammet
1732 3381 1794 3450 (pue
1818 3381 1886 3447 orb.)
1917 3379 1956 3435 St.
1971 3381 2003 3434 Α.
2018 3380 2069 3434 Fr.

681 3466 755 3520 Heil.
771 3465 847 3521 Geist
859 3466 947 3534 Hoep.
976 3466 1044 3520 Lite.
1060 3467 1095 3532 R,
1111 3466 1163 3520 No.
1175 3469 1202 3519 2.

630 3555 729 3610 Gella:
748 3555 874 3623 Lersner,
893 3551 964 3623 Hb,
983 3560 1026 3622 47,
1049 3555 1180 3621 remora,
1199 3555 1310 3623 Arcbir,
1329 3557 1354 3623 I,
1372 3559 1434 3621 206,
1454 3555 1499 3622 B,
1517 3559 1555 3608 27
1571 3557 1642 3610 suet
1659 3557 1719 3610 dem
1740 3557 1786 3611 Or.
1807 3599 1813 3610 .

416 3886 480 3960 51.
505 3894 696 3958 Scbrrltbeiss
713 3893 866 3959 Heinrich
885 3916 941 3960 oon
960 3895 991 3957 F
991 3895 1141 3977 rurulfurt
1157 3896 1356 3971 bercrlrruulrt,
1380 3897 1458 3960 dass
1477 3897 1625 3962 Gerlrard
1643 3919 1700 3961 ron
1715 3897 1883 3962 Esrlrboclu
1898 3899 1964 3961 rond
1980 3897 2071 3962 Fron

504 4001 574 4064 deno
589 3999 721 4064 Klostcr
735 3999 903 4065 Ebcrbucb
919 4005 985 4066 eine
1000 4001 1091 4083 Hufc
1107 4003 1173 4066 rand
1189 4006 1277 4066 cinca
1294 4003 1366 4084 Hof
1384 4007 1414 4067 iu
1432 4003 1599 4068 Ia'srlrbnrlt
1613 4005 1777 4088 preelecti
1793 4005 1902 4069 tabor.
1940 4005 2071 4090 [1219]

523 4140 699 4207 Heinricus
723 4140 776 4206 dei
798 4142 910 4224 gratia
942 4142 1103 4208 scultetus
1133 4142 1166 4208 in
1190 4142 1428 4210 Frankeuiurt.
1475 4145 1567 4210 Scire
1593 4145 1742 4212 volumus
1772 4165 1883 4212 omnes
1914 4146 2072 4229 scriptum

416 4249 478 4314 boc
500 4245 677 4328 intuentes,
702 4249 787 4329 quod
812 4245 1003 4321 Gerlllacus
1026 4251 1066 4314 de
1090 4250 1280 4316 Assclrebao
1304 4257 1338 4316 et
1361 4271 1444 4316 uror
1467 4271 1528 4317 sua
1544 4253 1635 4319 Guta
1659 4251 1798 4318 collecta
1820 4271 1918 4318 manu
1942 4261 1977 4318 et
1999 4253 2073 4334 pari

417 4373 578 4419 consensu
607 4354 769 4420 dederunt
799 4353 935 4420 ecclesie
965 4354 998 4421 in
1028 4355 1204 4422 Eberbacb
1220 4355 1245 4429 u
1261 4375 1360 4422 unum
1389 4377 1538 4425 mansum
1568 4358 1736 4440 proprium
1766 4357 1864 4424 situm
1893 4357 1928 4425 in
1959 4363 2071 4426 eadem

416 4459 496 4527 villa
520 4466 553 4525 et
577 4459 700 4526 curiam
724 4480 817 4527 suam
841 4480 899 4543 pro
930 4461 1038 4527 salute
1071 4462 1252 4530 animarum
1286 4483 1418 4530 suarum
1449 4483 1560 4530 corum
1590 4464 1694 4547 nobis,
1726 4474 1880 4548 presente
1910 4468 2032 4533 abbate
2048 4470 2072 4538 ll

417 4565 580 4648 Dippoldo
611 4573 645 4632 et
667 4567 878 4633 Erkeuberto
910 4567 1090 4650 cellerario,
1123 4571 1275 4637 Cuurado
1305 4571 1445 4653 notario,
1476 4569 1584 4638 fratre
1606 4573 1780 4639 Francone
1810 4581 1844 4640 et
1874 4573 2071 4642 Giselberto.

417 4672 463 4738 ut
485 4692 545 4739 uos
576 4691 617 4738 ex
640 4678 735 4755 parte
766 4672 927 4758 inperiis)
959 4674 1160 4756 suscepimus
1190 4675 1265 4758 ipsa
1287 4678 1375 4743 bona
1397 4679 1458 4743 sub
1483 4679 1718 4761 protectionem
1742 4688 1889 4748 nostram
1911 4687 1947 4746 et
1969 4688 2073 4748 testes

417 4777 581 4844 subscribi
609 4777 755 4861 fecimus,
786 4779 980 4862 inquorum
1007 4779 1101 4848 facta
1132 4789 1209 4848 suut
1232 4783 1416 4865 presentia:
1448 4785 1662 4853 Eberhardus
1685 4791 1726 4853 de
1750 4789 1939 4871 Dornburg,
1969 4789 2074 4854 Hart-

417 4887 533 4951 mudus
565 4886 696 4968 Bresta,
729 4887 912 4953 Berdoldus
945 4891 986 4953 de
1019 4888 1299 4972 Brunickesbeim,
1332 4891 1509 4975 Ruggerus
1541 4896 1734 4974 advocatus,
1775 4895 1949 4960 (luuradus
1980 4893 2073 4960 miles

416 4994 457 5058 de
480 4991 612 5059 Erlbac.

633 5133 679 5188 Or.
693 5135 798 5203 Ppmt:
822 5136 885 5191 Das
904 5137 997 5192 utare
1016 5136 1178 5206 Stadwiepel
1202 5137 1238 5192 iat
1262 5137 1321 5204 auf
1332 5139 1382 5192 der
1400 5139 1544 5194 Rttclaeite
1568 5141 1654 5196 durch
1679 5142 1725 5195 eia
1750 5142 1881 5196 atoue
1898 5142 2073 5211 Pergameni-

681 5225 828 5290 stra'scben
846 5225 976 5298 befeetipt.
1014 5226 1053 5282 st.
1067 5227 1101 5281 A.
1118 5227 1289 5282 Wietadea.
1327 5229 1408 5284 Nost
1432 5229 1518 5283 duret
1545 5230 1597 5284 dos
1614 5230 1805 5286 Swmarcltr'o
1822 5231 1927 5301 pultipot
1945 5229 2074 5299 erfdgter

685 5314 828 5369 Collatino.

632 5404 731 5458 Gedw
749 5404 853 5473 Rossel,
871 5404 897 5473 I,
915 5408 976 5459 219.

635 5492 728 5546 Vera:
747 5493 829 5562 Rota,
851 5493 969 5564 Qudleo,
988 5495 1012 5562 1,
1032 5499 1074 5549 47.

683 5721 793 5770 stUeber
812 5721 903 5766 Bauer.
938 5722 962 5772 b)
975 5721 1049 5766 Ueber
1070 5723 1114 5766 der
1135 5723 1202 5766 Zeile
1220 5724 1267 5779 fair
1285 5724 1449 5776 penderem
1469 5723 1562 5780 „lsuu‘t
1595 5735 1618 5775 o)
1630 5723 1769 5770 Verbessert
1788 5725 1868 5770 durch
1886 5726 2073 5780 pleiclrm'tt'm

630 5791 764 5839 θυνναῖον.
792 5792 817 5844 d)
833 5794 887 5839 Das
901 5797 912 5838 t
925 5794 1087 5851 blmpesrtpt
1101 5794 1180 5839 duret
1195 5795 1328 5840 emmor.
