4400 6384
391 305 433 370 28
1105 297 1171 351 1221
1192 296 1270 364 April
1290 297 1331 349 1o.

389 493 454 567 55.
477 499 600 564 Kaisar
629 497 798 562 Friedrich
814 497 863 561 ΙΙ.
895 497 1020 560 scbculd
1049 496 1117 558 (loon
1148 493 1386 558 Dcutsdrordeo
1418 494 1478 558 dus
1509 493 1606 557 Hous
1637 495 1670 556 ia
1699 491 1958 556 Srrrlrsrmlurusrn
1990 491 2048 555 ruit

478 609 548 672 dem
571 607 721 688 Hospitol
750 606 816 670 rand
844 606 901 668 dor·
923 603 1045 668 Kirobc
1073 608 1156 668 sumt
1185 602 1340 686 Zupcbo'r,
1370 603 1421 665 die
1451 602 1514 665 ihm
1542 600 1653 666 Ulrr'cb
1686 621 1743 664 ron
1766 599 1974 682 Mirrzrorbery
2001 621 2047 662 zu

478 717 593 780 {liccem
624 714 752 795 Bebufc
783 713 955 796 riberycbcu
986 713 1057 790 bot,
1093 711 1286 794 rlrsplcirlrra
1318 713 1407 773 (dorca
1429 709 1570 773 diuersus
1603 712 1636 772 in
1666 707 1953 790 dor(1'emorl·unp
1988 729 2049 769 ron

477 821 671 902 Frarrkfurt,
695 821 813 904 tdgrlt'cb
835 823 912 884 arrei
939 819 1058 903 Wopcu
1088 819 1149 882 coll
1170 818 1354 882 Brrmnlrole
1383 817 1449 880 arrd
1471 817 1532 880 dos
1559 815 1746 880 ll‘eiderecht
1777 818 1818 878 im
1841 813 2049 878 Reicfisrruld

478 930 526 992 bei
548 928 818 993 Saobscnlrousen.
867 926 993 1006 Terreat,
1019 931 1106 990 1221
1129 924 1226 1006 April
1250 929 1302 988 10.

497 1071 545 1141 Ol
561 1071 601 1136 In
625 1069 753 1136 nomine
776 1076 891 1135 sancte
915 1075 950 1134 et
971 1067 1139 1135 individue
1163 1065 1335 1132 trinitatis.
1373 1063 1563 1131 Fridericus
1586 1067 1749 1131 secundus
1772 1062 1885 1130 divina
1908 1060 2048 1130 invente

390 1177 562 1244 clementia
585 1178 807 1243 Romanorum
833 1174 1022 1258 imperator,
1054 1193 1182 1256 semper
1212 1175 1396 1256 augustusi
1420 1179 1454 1238 ct
1483 1192 1542 1238 rer
1567 1171 1685 1238 Sicilie.
1728 1170 1886 1256 Quotiens
1915 1169 2049 1236 illorum

390 1284 565 1350 commodis
595 1290 628 1349 et
659 1282 797 1349 utilitati
819 1281 1046 1365 prospicimus
1081 1279 1137 1362 qui
1168 1299 1265 1346 veros
1295 1300 1330 1345 se
1361 1280 1575 1361 comprobant
1606 1285 1684 1344 actu
1716 1285 1751 1342 et
1780 1277 1898 1343 babitu
1929 1297 2049 1343 servos

391 1391 522 1472 Christi,
539 1390 704 1458 veraciter
720 1389 864 1456 debitum
880 1387 1103 1454 munificencia
1115 1385 1140 1460 ll
1154 1387 1276 1471 regalis
1292 1386 1481 1468 exequimur
1492 1392 1527 1451 et
1538 1391 1651 1451 nostre
1664 1383 1823 1450 efficatius
1836 1383 2049 1465 providemus

391 1497 500 1580 saluti,
532 1503 579 1578 ut,
604 1500 680 1563 dum
703 1515 812 1563 eorum
836 1495 1049 1579 indigentiam
1074 1493 1258 1561 relevamus
1281 1491 1503 1575 temporalem,
1533 1490 1598 1574 ipsi
1620 1497 1733 1557 nostre
1756 1490 1839 1556 fiant
1861 1489 2049 1572 spiritualis

389 1603 569 1687 indigentie
594 1603 863 1686 supplementum.
910 1602 1100 1684 Eapropter
1115 1599 1139 1672 ll
1156 1607 1267 1666 notum
1291 1597 1431 1665 facimus
1453 1597 1617 1664 universis
1639 1596 1769 1679 imperii
1790 1595 1950 1677 fidelibus,
1975 1603 2049 1662 tam

391 1711 598 1792 presentibus
622 1729 717 1791 quam
743 1708 873 1790 futuris,
905 1711 991 1791 quod
1021 1727 1080 1774 nos
1111 1705 1322 1772 meditatione
1347 1705 1493 1788 piissima
1523 1707 1743 1784 attendentes,
1775 1703 1917 1785 qualiter
1947 1723 2050 1769 sacra

391 1820 503 1883 domus
526 1816 700 1900 hospitalis
724 1823 838 1882 sancte
861 1814 966 1881 Marie
990 1813 1240 1880 Teotonicorum
1267 1811 1301 1877 in
1324 1811 1519 1893 Jerusalem,
1547 1831 1569 1877 a
1592 1810 1667 1877 divo
1698 1812 1861 1892 quondam
1891 1817 2047 1894 augusto,

391 1922 518 1989 domino
548 1923 747 2006 imperatore
776 1921 956 2002 Friderico,
989 1940 1050 1987 avo
1082 1925 1205 2002 nostro,
1239 1918 1375 2001 pietatis
1404 1917 1526 1985 intuitu
1556 1923 1752 2000 propagata,
1783 1915 1818 1981 in
1847 1915 2048 1998 multiplices

390 2027 519 2094 fructus
542 2029 664 2111 prodiit
686 2030 783 2096 laude
807 2027 923 2112 dignos
954 2033 988 2093 et
1011 2047 1032 2092 a
1055 2026 1183 2092 domino
1208 2028 1368 2106 quondam
1398 2025 1597 2108 imperatore
1620 2022 1764 2090 Henrico
1793 2020 1905 2089 inclite
1936 2043 2049 2088 recor-

391 2135 543 2218 dationis,
569 2143 664 2218 patre
688 2143 813 2216 nostro,
838 2137 936 2201 rebus
960 2153 999 2200 ac
1022 2133 1232 2200 libertatibus
1256 2131 1442 2214 premunita
1464 2137 1498 2198 et
1521 2131 1755 2196 incrementum
1780 2128 1926 2211 suscepit
1949 2129 2049 2212 spiri-

391 2242 526 2309 tualiter
556 2249 590 2308 et
613 2242 838 2325 temporaliter
868 2239 995 2308 domino
1023 2238 1214 2306 famulando
1245 2245 1278 2304 et
1308 2258 1390 2322 erga
1418 2245 1566 2305 nostram
1595 2236 1871 2320 magnificentiam
1902 2235 2048 2304 fratrum

389 2347 612 2415 dedicatorum
636 2348 756 2415 ibidem
779 2351 822 2414 ad
846 2347 957 2414 divina
981 2345 1122 2414 seruicia
1144 2365 1215 2411 curn
1230 2346 1294 2411 fide
1310 2345 1440 2413 devotio
1457 2363 1585 2426 semper
1600 2342 1716 2425 crevit,
1740 2362 1867 2409 necnon
1883 2343 2047 2409 celebrem

389 2455 491 2521 vitam
515 2462 550 2521 et
572 2457 708 2522 honeste
731 2454 898 2538 religionis
922 2453 1054 2535 cultum,
1079 2452 1196 2535 quibus
1220 2451 1359 2518 dilectus
1381 2450 1475 2518 nobis
1497 2451 1532 2517 in
1556 2449 1685 2517 domino
1700 2448 1808 2516 irater
1823 2450 2045 2532 HermannuS,

390 2561 547 2645 magister
571 2560 744 2645 hospitalis
767 2561 921 2642 eiusdem,
947 2567 979 2627 ct
1004 2559 1127 2625 iratres
1151 2559 1202 2624 sui
1225 2560 1351 2624 clarere
1374 2564 1564 2638 noscuntur,
1589 2557 1719 2623 labores
1735 2555 1838 2622 eciam
1855 2563 1890 2622 et
1905 2559 2046 2622 sudores

391 2667 551 2750 assiduos,
586 2687 666 2749 quos
689 2687 749 2750 pro
780 2667 843 2733 fide
876 2665 1128 2733 christianornm
1161 2673 1195 2731 et
1226 2664 1333 2748 gloria
1364 2664 1529 2730 sustinent
1559 2663 1775 2744 incessanter,
1809 2681 1869 2744 pro
1902 2661 2046 2728 remedio

391 2773 570 2840 animarum
602 2773 748 2840 divorum
780 2781 1003 2857 augustorum,
1043 2771 1287 2856 progenitorum
1317 2778 1503 2836 nostrorum
1531 2768 1683 2836 memorie
1706 2768 1889 2840 recolende.
1921 2776 1955 2834 et
1984 2789 2047 2851 pro

390 2887 502 2946 nostre
527 2878 645 2946 salutis
669 2886 703 2946 et
725 2879 828 2963 glorie
850 2879 1050 2946 incremento
1081 2899 1121 2944 ac
1144 2877 1317 2961 hospitalis
1347 2877 1492 2943 eiusdem
1522 2882 1696 2959 augmento
1726 2874 1909 2941 liberaliter
1938 2875 2047 2941 inten-

390 2989 525 3068 dentes·
547 2985 763 3068 concedimus,
802 2989 959 3052 donamus
991 2993 1024 3051 et
1053 2985 1087 3052 in
1118 2992 1310 3068 perpetuum
1342 2983 1569 3050 confirmamus
1599 2982 1703 3049 eidem
1733 2981 1842 3048 domui
1870 2981 2047 3064 hospitalis

390 3095 517 3158 domum
540 3091 575 3158 in
598 3093 829 3160 Sehsenbusen
859 3112 930 3158 cum
954 3091 1111 3174 hospitali
1140 3099 1173 3158 et
1204 3089 1344 3157 ecclesia
1373 3089 1585 3171 omnibusque
1615 3088 1827 3172 pertinenciis
1857 3092 2045 3170 eorundem,

391 3219 485 3280 quam
510 3199 664 3268 videlicet
687 3182 824 3281 domum,
855 3199 1019 3283 hospitale
1050 3207 1082 3266 et
1114 3197 1283 3264 ecclesiam
1307 3196 1439 3263 Ulricus
1469 3200 1508 3263 de
1532 3197 1751 3263 llincemberc
1781 3195 1875 3261 nobis
1906 3196 2047 3262 contulit

390 3305 476 3372 dicte
507 3305 615 3372 domui
644 3305 817 3387 hospitalis
848 3306 949 3371 libere
980 3303 1189 3372 conferenda.
1244 3305 1294 3370 De
1325 3303 1441 3370 maiori
1470 3323 1597 3386 quoque
1627 3302 1743 3387 gracia
1772 3310 1889 3370 nostra
1918 3305 2045 3373 damus,

390 3413 595 3480 concedimus
628 3418 662 3478 et
692 3411 726 3478 in
760 3418 952 3494 perpetuum
985 3412 1212 3478 confirmamus
1236 3411 1339 3477 eidem
1373 3409 1480 3477 domui
1512 3409 1669 3492 hospitali
1700 3429 1847 3476 mansum
1880 3429 1977 3475 unum
2009 3410 2046 3476 in

389 3519 556 3586 territorio
581 3518 692 3601 oppidi
715 3519 821 3585 nostri
843 3516 1136 3585 Frankenforten⁸
1160 3524 1194 3583 et
1217 3521 1300 3583 duas
1324 3517 1443 3583 cotidie
1467 3517 1671 3599 plaustratas
1695 3516 1856 3582 siccorum
1881 3516 2045 3599 lignorum

390 3630 432 3693 ad
463 3628 714 3692 comburendum
745 3633 779 3691 et
803 3645 927 3708 pascua
957 3623 1153 3690 animalibus
1183 3623 1262 3704 eius,
1294 3623 1441 3706 exceptis
1472 3622 1587 3691 ovibus
1618 3629 1652 3689 et
1681 3610 1864 3706 pecoribus
1894 3621 1930 3688 in
1959 3622 2047 3689 silva

389 3740 513 3814 nostra,
546 3752 608 3815 que
632 3731 762 3798 adiacet
791 3731 855 3814 ipsi
883 3730 955 3797 loco
985 3731 1018 3796 in
1046 3732 1338 3821 Sanhenbusenfi).
1388 3731 1579 3796 statuentes
1609 3736 1644 3795 et
1674 3731 1734 3795 sub
1765 3731 1903 3796 obtentu
1932 3729 2046 3812 gracie

388 3845 502 3906 nostre
524 3838 661 3905 firmiter
683 3837 901 3922 iniungentes,
927 3858 967 3904 ne
991 3837 1063 3920 quis
1086 3837 1192 3919 ipsam
1215 3841 1341 3903 domum
1357 3837 1531 3919 hospitalis
1547 3843 1581 3902 et
1596 3834 1720 3903 fratres
1736 3855 1835 3918 super
1850 3838 1913 3902 hac
1929 3843 2047 3902 nostra

390 3945 608 4027 concessione,
641 3945 816 4011 donatione
840 3952 873 4011 et
897 3944 1143 4011 confirmatione
1166 3944 1350 4026 molestare,
1382 3946 1434 4010 vel
1458 3947 1551 4010 modo
1576 3943 1721 4025 quolibet
1744 3945 1940 4026 perturbare
1969 3963 2045 4025 pre-

390 4059 507 4118 sumat.
550 4054 644 4137 Quod
668 4051 722 4133 qni
745 4051 991 4134 presumpserit,
1015 4050 1049 4117 in
1074 4071 1132 4117 sue
1156 4050 1352 4118 temeritatis
1375 4049 1554 4118 vindictam
1578 4057 1708 4116 centum
1730 4049 1834 4116 libras
1861 4049 1934 4115 anri
1957 4069 2045 4115 com-

389 4166 501 4241 ponat,
540 4157 719 4244 dimiumll)
749 4177 876 4224 camere
907 4165 1018 4224 nostre
1050 4165 1083 4223 et
1116 4156 1281 4232 dimidium
1313 4157 1475 4239 prelibato
1507 4156 1663 4239 hospitali
1695 4177 1793 4238 passo
1825 4155 1976 4223 iniuriam
2009 4162 2042 4222 et

389 4265 553 4331 offensam.
590 4267 642 4331 Ad
667 4265 758 4330 cuius
782 4265 829 4330 rei
852 4271 976 4332 certam
994 4264 1193 4331 evidenciam
1211 4271 1245 4330 et
1260 4271 1453 4347 perpetuam
1468 4263 1666 4344 firmitatem,
1684 4282 1820 4345 presens
1836 4263 2042 4346 privilegium

388 4372 489 4438 scribi
512 4378 546 4438 et
569 4371 675 4455 sigillo
700 4371 883 4437 maiestatis
908 4377 1019 4437 nostre
1042 4371 1196 4437 iussimus
1221 4371 1419 4437 communiri.
1462 4371 1569 4436 Huius
1591 4370 1642 4436 rei
1664 4377 1768 4436 testes
1792 4377 1885 4436 sunt:
1910 4370 2042 4437 Ulricus

388 4477 596 4546 Patariensis
627 4477 809 4560 episcopua,
840 4479 998 4543 Albertus
1022 4477 1234 4544 Tridentinus
1265 4476 1398 4559 electus,
1430 4476 1626 4544 Ludewicus
1657 4479 1723 4542 dux
1753 4476 1906 4542 Bawarie
1936 4496 2042 4542 comes

389 4585 554 4667 palatinus
579 4584 673 4666 Reni,
705 4585 914 4650 Hermannus
937 4585 1064 4650 marklo
1096 4587 1136 4650 de
1159 4585 1283 4665 Baden,
1309 4583 1491 4650 Diobuldus
1518 4583 1644 4649 marklo
1676 4586 1716 4648 de
1739 4583 1903 4663 Voburcb,
1936 4603 2040 4649 comes

388 4692 602 4758 Eberhardus
626 4695 666 4758 de
689 4691 915 4774 Elpbenstein,
948 4710 1055 4758 comes
1079 4692 1320 4772 ildebrandus
1348 4691 1522 4757 Anselmus
1546 4693 1586 4756 de
1609 4689 1788 4774 Justingen
1810 4691 2039 4768 marescalcus,

388 4805 422 4864 et
446 4797 503 4865 alii
525 4818 620 4880 quarn
645 4798 766 4881 plures.

494 4906 655 4989 {Signum
680 4904 800 4971 domini
812 4904 973 4971 Friderici
997 4905 1131 4972 secundi
1156 4904 1208 4970 dei
1230 4904 1341 4989 gratia
1363 4903 1570 4970 invictissimi
1585 4906 1806 4970 Romanorum
1822 4902 2038 4987 imperatoris,

388 5031 516 5095 semper
539 5012 672 5096 augusti
695 5011 799 5100 (Lm.)
823 5019 856 5078 et
879 5012 967 5096 regis
996 5012 1140 5082 Siciliei

493 5120 581 5184 Acta
605 5126 681 5185 sunt
704 5121 764 5185 bec
789 5139 873 5185 anno
898 5111 1056 5186 dominice
1079 5117 1318 5185 incarnationis
1334 5116 1501 5183 millesimo
1519 5117 1740 5184 ducentesimo
1756 5117 1910 5185 vicesimo
1927 5117 2038 5200 primo,

388 5232 505 5308 quarto
529 5226 602 5291 idus
627 5225 750 5309 aprilis,
775 5224 952 5292 indictione
977 5246 1073 5292 nona.
1114 5217 1302 5307 Imperante
1327 5222 1455 5289 domino
1479 5231 1592 5290 nostro
1617 5224 1786 5290 Friderico
1811 5227 1963 5306 secundo,
1988 5223 2039 5288 dei

387 5331 502 5417 gracia
516 5331 732 5400 invictissimo
749 5334 968 5399 Romanorum
985 5331 1195 5414 imperatore,
1221 5349 1349 5412 semper
1365 5338 1505 5413 augusto
1522 5339 1556 5396 et
1572 5351 1649 5415 rege
1669 5331 1787 5412 Sicilie,
1814 5352 1899 5398 anno
1915 5329 2039 5412 imperii

387 5439 456 5505 eius
480 5438 592 5520 primo,
617 5438 711 5522 regni
733 5457 812 5506 vero
828 5438 935 5505 Sicilie
951 5437 1106 5505 ‘vicesimo
1131 5437 1243 5502 tercio.
1268 5436 1434 5518 Feliciter,
1460 5457 1564 5502 amen.
1600 5437 1721 5504 Datum
1746 5441 1834 5520 apud
1850 5439 2037 5513 Tarentum,

387 5567 483 5628 anno,
508 5565 617 5612 mense
641 5552 675 5611 et
697 5544 875 5612 indictione
898 5544 1101 5627 prescriptis.

652 5763 676 5805 n)
691 5757 743 5798 Dos
757 5755 1016 5799 neormaturaeicten
1028 5755 1099 5811 fehlt.
