4400 6384
713 328 782 382 1290
800 328 912 398 August
932 329 965 383 18
984 359 1017 369 -
1039 330 1108 384 1290
1126 329 1238 400 August
1256 331 1298 384 28.
1765 332 1827 396 281

289 527 547 591 Sochsenhduser
561 526 653 606 Fero,
679 527 745 591 000
767 528 837 592 elom
860 532 960 593 ersten
980 529 1197 593 inehesoodere
1211 535 1366 613 perrenota
1383 529 1509 610 Gesdtlc
1526 533 1568 592 im
1583 527 1689 609 Dorso
1703 527 1830 593 Holmo-

289 633 360 698 rod.
408 638 495 698 1290
518 632 648 719 August
671 639 723 698 18.

282 773 443 842 Noverint
473 773 620 843 universi
650 776 856 858 presencium
885 777 1099 860 inspectores
1132 780 1218 859 quod
1247 797 1308 861 ego
1339 777 1498 861 Ripertus
1528 779 1569 843 de
1593 777 1829 858 Sassenhusen,

172 881 260 947 filius
283 883 446 962 quondam
463 881 608 948 Conradi
624 883 757 950 sculteti
776 884 1146 966 Fraukenvorlldensr's,
1172 891 1206 951 et
1224 883 1449 968 Kunegundis‚
1469 904 1552 950 uxor
1567 903 1641 950 mea
1655 881 1828 966 legittima,

174 987 414 1054 corrrmunicata
436 1008 535 1055 manu
559 997 593 1056 et
616 990 761 1057 unanimi
788 1011 948 1058 consensu
965 991 1170 1058 vendidimus
1193 992 1279 1058 iusto
1296 990 1498 1059 vendicionis
1517 990 1613 1057 titulo
1630 988 1829 1063 duodellcim

171 1095 289 1177 iugera
312 1101 400 1161 terre
425 1095 570 1176 arabilis
595 1095 629 1161 in
653 1116 767 1178 campo
785 1099 1011 1164 Sassenhuseu
1036 1098 1111 1180 sita,
1136 1098 1303 1180 Heinrico,
1321 1101 1482 1179 quondam
1500 1098 1640 1164 sculteto
1657 1098 1829 1163 Frankeu-

173 1201 337 1283 verdensi,
363 1207 396 1267 et
411 1201 577 1285 Heinrico,
595 1203 661 1270 filio
678 1203 790 1285 patrui
806 1203 831 1277 lt
850 1205 901 1270 sui
917 1208 1078 1286 quondam
1094 1204 1235 1286 Rudolfi,
1259 1204 1429 1286 militibus,
1448 1204 1669 1286 communiter,
1686 1203 1772 1269 iuste
1795 1209 1829 1268 et

173 1307 430 1390 racionabiliter,
453 1308 525 1375 iure
548 1309 769 1392 proprietario
794 1317 952 1394 perpetuo
975 1311 1183 1395 possidenda.
1219 1314 1304 1378 Item
1319 1310 1551 1399 vendidimu[s]
1568 1311 1656 1377 dicto
1672 1308 1828 1376 Heinrico

173 1414 314 1481 sculteto
339 1415 529 1498 specialiter
551 1437 649 1484 unam
673 1437 817 1484 marcam
840 1418 1047 1485 denariorum
1070 1418 1188 1502 legahs
1210 1424 1339 1485 monete
1362 1417 1396 1484 iu
1411 1416 1492 1486 villa
1507 1417 1585 1484 Alte
1600 1419 1688 1483 Rota
1711 1435 1829 1483 census

172 1521 326 1588 anuuahs
350 1528 383 1588 et
406 1542 506 1588 unum
522 1524 630 1590 octale
645 1524 823 1607 papaveris
840 1531 874 1590 et
889 1523 1045 1591 tredecim
1062 1524 1169 1607 pullos
1184 1524 1218 1591 iu
1233 1524 1315 1593 villa
1331 1525 1570 1607 prenominata.
1606 1523 1829 1607 Resignantes

173 1635 208 1693 et
236 1629 470 1695 renunciantes
503 1629 590 1695 omni
620 1630 694 1712 iuri,
726 1632 812 1712 quod
842 1631 937 1696 uobis
966 1630 999 1696 in
1032 1630 1172 1713 prefatis
1195 1630 1291 1697 bouis
1314 1637 1347 1697 et
1372 1630 1524 1697 censibus
1548 1631 1747 1712 conpetebat
1771 1647 1828 1694 seu

172 1742 349 1816 conpetere
375 1737 562 1804 videbatur.
609 1737 845 1804 Promittantes
875 1738 1107 1804 nichilominus
1137 1740 1178 1804 de
1208 1738 1291 1820 ipsis
1321 1738 1417 1804 bonis
1447 1743 1481 1803 et
1512 1737 1665 1803 censibus
1689 1733 1829 1817 prefatis

172 1841 329 1910 Heinrico
360 1844 501 1910 sculteto
525 1850 560 1910 et
583 1845 752 1926 Heinrico,
784 1864 842 1910 suo
874 1844 1143 1929 consanguineo,
1175 1843 1297 1927 facere,
1329 1851 1367 1910 ut
1396 1850 1448 1911 est
1477 1843 1594 1925 moris,
1625 1840 1829 1910 parandium

171 1949 302 2032 iustam,
332 1950 475 2016 debitam
507 1957 541 2017 et
564 1959 764 2018 consuetam.
811 1951 884 2034 Ego
909 1971 988 2019 vero
1011 1951 1236 2035 Kunegundis,
1264 1971 1348 2018 uxor
1371 1950 1502 2034 Riperti
1525 1949 1674 2032 predicti,
1700 1946 1829 2030 publice

171 2077 383 2140 recognosco,
400 2061 485 2138 quod
499 2057 578 2124 licet
592 2060 679 2124 bona
695 2057 896 2140 supradicta,
915 2061 1092 2125 accedente
1108 2058 1259 2126 benivolo
1276 2078 1437 2126 consensu
1449 2057 1594 2125 Cunradi
1610 2063 1643 2122 et
1654 2058 1678 2123 J
1679 2053 1828 2136 ohannis

172 2163 313 2230 fratrum
339 2163 419 2230 dicti
439 2164 571 2246 Riperti
594 2167 677 2231 bone
700 2165 862 2248 memorie,
886 2165 985 2232 michi
1008 2185 1067 2248 pro
1090 2186 1172 2233 vera
1196 2173 1230 2232 et
1253 2172 1346 2233 certa
1369 2169 1445 2232 dote
1468 2184 1542 2232 mea
1563 2162 1780 2230 iueriutdata
1796 2165 1830 2226 et

173 2270 355 2355 assignata,
375 2271 559 2338 huiusmodi
573 2271 797 2338 vendicionem
821 2275 978 2338 bonorum
1001 2270 1277 2356 irreiregabihter
1301 2279 1413 2339 tenere
1436 2277 1545 2338 ratam
1569 2277 1669 2353 atque
1685 2275 1827 2353 gratam.

172 2378 385 2462 Recognosco
401 2377 628 2444 nichilominus
652 2398 711 2462 ego
730 2378 889 2460 Ripertus
912 2384 1121 2461 memoratus
1146 2381 1234 2446 bona
1256 2385 1410 2461 pretecta
1431 2379 1466 2446 iu
1488 2397 1606 2445 manus
1629 2373 1830 2443 serenissimi

172 2484 294 2550 domiui
317 2485 357 2550 R.
379 2487 601 2578 Romanorum
624 2485 722 2568 regia,
747 2485 825 2567 quia
848 2487 890 2552 ab
914 2485 1049 2568 imperio
1074 2486 1322 2568 derivabuntur,
1347 2486 1545 2570 resignasse.
1592 2487 1709 2551 Testes
1732 2481 1829 2547 huius

173 2599 265 2658 sunt:
291 2590 399 2658 frater
421 2592 636 2658 Eberhardus
660 2591 700 2657 de
723 2594 975 2676 Hettengeseze,
1002 2593 1204 2658 Theutonice
1227 2597 1341 2660 domus
1357 2593 1593 2674 Sassenhusen,
1618 2590 1725 2657 frater
1747 2590 1829 2654 Ber·

172 2698 281 2764 toldus
312 2699 448 2780 ibidem,
480 2699 652 2764 Cunradus
683 2699 832 2767 Suuevus
844 2699 898 2786 (1),
929 2699 1135 2765 Hartmudus
1166 2703 1205 2765 de
1236 2701 1472 2781 Sassenhusen,
1506 2701 1678 2766 Corradus
1704 2697 1827 2778 Bonus

172 2804 310 2887 milites3
328 2803 476 2886 Craltho,
490 2806 668 2872 Bertoldus
680 2808 720 2872 de
736 2804 973 2888 Heidersheim,
991 2802 1180 2888 Hezzeler,b
1202 2813 1236 2871 et
1252 2807 1461 2889 quamplures
1478 2805 1536 2872 alii
1551 2805 1640 2873 cives
1656 2804 1829 2870 Fraukeu-

172 2915 352 2979 vordenses
374 2911 539 2996 fidedigni.
587 2913 627 2977 Iu
656 2911 747 2978 cuius
778 2913 827 2978 rei
855 2911 1076 2979 testimonium
1101 2920 1135 2977 et
1158 2911 1302 2978 debitam
1325 2911 1514 2978 firmitatem
1538 2930 1597 2977 nos
1615 2963 1621 2976 .
1642 2962 1648 2974 .
1667 2909 1828 2975 scultetus

173 3026 206 3085 et
233 3018 361 3086 scabini
384 3021 722 3086 Frankenvordenses
753 3022 795 3085 ad
823 3019 1017 3101 peticionem
1044 3018 1192 3101 parcium
1215 3019 1480 3101 supradictarum
1503 3017 1645 3102 sigillum
1668 3015 1829 3084 universi-

173 3127 253 3192 tatis
270 3126 600 3194 Frankenvordensis
624 3124 832 3208 presentibus
856 3124 1007 3192 duximus
1031 3128 1290 3207 appendendum.
1325 3125 1446 3192 Actum
1470 3144 1556 3191 auno
1580 3121 1701 3189 domiui
1723 3123 1764 3188 rh.
1783 3116 1826 3187 c'c.

77 3327 81 3336 ι
175 3214 256 3315 X⁰C.,
281 3213 354 3299 X⁰V.
376 3235 536 3300 kalendas
560 3231 764 3314 septembris.

389 3376 435 3430 Or.
449 3377 537 3446 Ppmt.
550 3375 600 3429 mit
619 3375 825 3446 primoquidem
843 3374 1067 3445 Stodteicpelffl).
1104 3374 1143 3430 St.
1156 3375 1191 3429 A,
1207 3375 1258 3429 Fr.
1273 3374 1478 3430 branteston
1493 3373 1558 3429 uro.

387 3464 487 3520 Getta:
505 3466 549 3534 B,
566 3467 621 3519 250
639 3465 710 3519 ruach
728 3465 785 3518 dem
808 3463 881 3519 Or..

171 3742 483 3844 5809Erchischos
513 3751 661 3816 Gcrhord
691 3772 752 3816 000
780 3749 896 3815 Modra
925 3750 1047 3815 erlouht
1076 3751 1137 3815 deu
1158 3749 1385 3828 Kormclr'tera,
1410 3751 1478 3814 sich
1508 3753 1543 3814 ta
1571 3753 1673 3814 seirwr
1694 3747 1829 3812 Didcese

287 3859 366 3924 oller
389 3881 458 3924 com
481 3858 629 3943 Heiltpea
643 3859 735 3924 Stant
758 3859 935 3923 crholtenen
952 3857 1145 3942 Prioilepc'cn
1167 3858 1234 3923 000
1251 3857 1388 3923 000000
1409 3880 1451 3921 au
1475 3857 1629 3922 0000000.
1676 3856 1719 3920 Ιο
1734 3855 1828 3919 Novo

287 3967 387 4044 0000,
414 3971 500 4030 1290
523 3963 653 4050 August
675 3971 729 4030 28.

281 4126 473 4193 Gerhardus
503 4123 556 4192 dei
586 4123 700 4208 gracia
731 4129 845 4189 sancte
869 4121 1063 4206 Magnntine
1093 4121 1182 4188 sedis
1205 4101 1482 4205 archiepiscopus,
1508 4121 1596 4188 sacri
1618 4120 1747 4204 imperii
1769 4141 1830 4204 per

171 4231 384 4301 Germaniam
417 4230 737 4298 archicancellarius.
756 4230 783 4304 tl
801 4228 939 4296 Dilectis
972 4229 1006 4295 in
1039 4229 1170 4296 Christo
1188 4282 1194 4295 .
1215 4283 1221 4296 .
1240 4229 1342 4313 priori
1374 4229 1569 4312 provinciali
1601 4236 1635 4295 et
1667 4226 1828 4296 fratribus

171 4339 297 4407 ordinis
321 4341 418 4405 beate
441 4339 547 4406 hlarie
571 4340 610 4405 de
633 4345 742 4405 moute
767 4336 908 4404 Carmeh
931 4357 990 4419 per
1001 4336 1251 4420 allemanniam,
1272 4333 1297 4410 tl
1314 4338 1454 4403 salutem
1469 4336 1504 4402 iu
1520 4336 1661 4403 omnium
1677 4334 1827 4401 salutari.

170 4445 355 4530 Religionis
391 4453 502 4514 vestre
536 4452 681 4512 meretur
715 4446 888 4525 honestas,
928 4450 964 4510 ut
1001 4444 1035 4509 in
1064 4442 1224 4536 karitatis
1253 4463 1314 4512 vos
1346 4443 1529 4512 visceribus
1548 4443 1573 4518 ll
1590 4443 1827 4524 amplexantes

171 4552 328 4636 quicquid
358 4572 431 4618 cum
458 4556 518 4619 deo
542 4572 724 4636 possumne,
749 4551 842 4619 vobis
867 4550 1098 4618 favorabiliter
1122 4569 1313 4618 annuamus.
1361 4551 1414 4618 Ea
1437 4558 1573 4634 propter
1597 4558 1711 4617 tenore
1734 4549 1828 4617 vobis

170 4659 378 4743 presencium
407 4659 623 4743 indulgemus,
655 4667 692 4726 ut
722 4658 903 4743 privilegiis
934 4664 968 4724 et
997 4657 1129 4742 graciis,
1162 4661 1287 4724 asede
1311 4658 1495 4740 apostolica
1517 4657 1612 4725 vobis
1634 4656 1771 4723 indultis
1794 4663 1829 4723 et

170 4766 348 4848 concessis
372 4767 474 4833 libere
497 4767 547 4832 uti
570 4769 610 4832 de
634 4774 750 4832 nostra
772 4767 944 4833 voluntate
968 4771 1002 4830 et
1025 4783 1186 4831 consensu
1209 4764 1244 4831 iu
1267 4771 1384 4832 nostra
1399 4764 1533 4850 dyocesi
1548 4763 1700 4845 valeatis,
1725 4763 1829 4828 eccle·

171 4875 296 4942 siarum
327 4873 581 4956 parrochiahum
611 4893 738 4939 necnon
768 4879 802 4939 et
833 4872 972 4939 aliarum
1002 4871 1214 4938 ecclesiarum
1246 4872 1318 4938 iure
1341 4872 1376 4939 in
1399 4871 1547 4939 omuibus
1572 4889 1700 4952 semper
1723 4869 1826 4937 salvo.

170 4984 294 5048 Datum
316 4981 352 5047 in
375 4982 469 5048 Nova
492 4983 596 5062 domo,
622 5001 707 5048 auno
732 4979 853 5047 domini
875 4982 915 5045 rh.
938 4973 980 5046 cir.
1003 4979 1226 5064 nonagesimo,
1248 4959 1287 5047 il.
1309 4980 1470 5046 kalendas
1491 4977 1696 5062 septembris.

388 5122 434 5177 Or.
448 5123 535 5194 Pgmt.
548 5123 598 5176 mit
618 5123 728 5178 weissen
746 5122 926 5193 Sicyelfdden,
947 5121 1035 5192 Sicpcl
1052 5122 1126 5187 fehlt.
1163 5121 1311 5177 00110.
1325 5120 1583 5212 &mediter-Urit,
1603 5119 1826 5174 0001110422.

386 5211 485 5267 chr.:
502 5212 549 5281 13,
565 5215 626 5266 251.

168 5482 262 5558 581.
287 5489 399 5574 Kduc'p
422 5489 551 5572 liudolf
572 5491 716 5574 bestdttpt
738 5491 799 5556 dccc
823 5489 891 5573 (aot
915 5496 968 5556 18.
985 5489 1116 5574 August
1132 5490 1234 5573 1290)
1258 5489 1448 5572 pethdtc'ptea
1464 5488 1611 5570 Verlcoaf
1630 5510 1691 5554 000
1711 5490 1827 5553 retros-

286 5597 457 5663 0ὴο000εο
481 5597 613 5677 docere,
637 5598 800 5682 dhertrdpt
822 5599 906 5663 diere
928 5599 978 5662 als
1002 5597 1107 5662 Lchea
1129 5597 1190 5661 deu
1211 5617 1312 5661 0000
1326 5596 1492 5661 Besitccrn
1511 5596 1578 5661 aad
1592 5598 1769 5682 penchmipt
1784 5599 1828 5660 im

439 5791 464 5844 a)
480 5787 547 5833 noea
560 5789 596 5832 rm
609 5789 689 5843 ryme.
718 5789 744 5844 o)
759 5789 858 5844 aarum
871 5789 1004 5834 unacurt
1032 5788 1066 5833 oo
1079 5772 1220 5833 maerore

223 5905 391 5949 hammer
404 5903 602 5950 urkundenbuch
618 5905 635 5949 1.
1667 5895 1703 5950 36
