4400 6384
910 324 979 378 rear
998 323 1054 378 00
1073 325 1097 378 a.
1766 331 1831 396 289

284 519 444 584 Emercho
460 521 500 584 de
518 519 716 600 Schonecke,
738 519 927 602 capellanus
944 519 1064 587 domini
1081 541 1176 604 pape,
1202 522 1380 588 canonicus
1394 529 1428 588 et
1444 523 1497 588 dei
1513 523 1628 606 gracia
1644 525 1831 608 prepositus

176 626 314 693 ecclesie
344 626 685 707 Frankenvordensis,
717 627 910 710 Maguntina
941 627 1100 712 dyocesis.
1148 630 1268 695 Notum
1299 649 1371 695 esse
1402 629 1548 712 cupimus
1570 631 1831 714 universispre-

176 733 289 799 sencia
312 733 517 815 percepturis
542 733 749 816 presentibus
773 739 806 799 et
829 732 960 816 futuris,
985 737 1071 815 quod
1094 735 1225 801 litteras
1244 735 1269 810 11
1286 736 1485 818 apostolicas
1509 737 1690 819 recepimus
1713 738 1747 804 in
1770 740 1832 805 bec

176 843 297 909 verba:
322 839 477 906 Nicolaus
501 839 684 922 episcopus,
709 860 825 908 servus
849 861 1017 909 servorum
1041 841 1104 922 101,
1129 842 1248 908 dilecto
1271 842 1337 909 filio
1359 843 1555 910 Emerchoni
1571 847 1611 910 de
1629 845 1829 928 Schoneclre,

177 947 335 1014 canonico
359 953 393 1012 et
416 946 583 1029 preposito
607 947 742 1013 ecclesie
759 947 1098 1032 Frankenvordensis
1124 949 1318 1033 Maguntina
1334 950 1493 1034 dyocesis
1519 951 1689 1034 capellano
1705 959 1828 1035 nostro,

176 1056 319 1121 salntem
341 1061 376 1120 et
399 1054 613 1136 apostolicam
637 1053 904 1121 benedictionem.
942 1057 1076 1122 Illorum
1093 1054 1119 1130 11
1137 1057 1224 1124 votis
1241 1056 1423 1140 apostolica
1439 1061 1534 1124 sedes
1550 1061 1666 1124 adesse
1682 1059 1831 1140 propicia

176 1161 357 1242 consuevit,
383 1181 442 1243 000
466 1161 583 1243 quibus
606 1160 742 1228 virtutis
767 1159 864 1230 10000
886 1162 1077 1244 interpellat
1100 1171 1134 1229 01
1156 1165 1267 1245 001001
1291 1164 1555 1231 conversacionis
1582 1172 1616 1231 et
1630 1165 1699 1233 vite
1714 1166 1830 1232 lauda

175 1268 250 1335 bilis
280 1269 497 1335 interventus.
545 1267 630 1334 Hinc
661 1275 722 1350 est,
755 1273 840 1350 quod
870 1290 930 1336 nos
960 1290 1134 1351 personam
1161 1277 1261 1353 tuam,
1286 1271 1381 1336 nobis
1406 1274 1446 1337 de
1467 1271 1653 1338 litterarum
1677 1271 1829 1356 sciencia,

174 1375 270 1443 bonis
303 1375 494 1448 0100100011
517 1382 550 1442 01
585 1376 838 1443 conversacione
876 1376 1034 1442 laudabili
1061 1377 1286 1460 multipliciter
1315 1380 1583 1468 commendatam,
1619 1377 1828 1446 intendentes

176 1481 330 1566 prosequi
359 1481 474 1565 gracia
497 1481 642 1564 speciali,
664 1483 904 1565 preposituram
928 1483 1064 1550 ecclesie
1087 1484 1428 1568 Frankenvordensis,
1452 1485 1645 1570 Maguntina
1669 1486 1829 1570 dyocesis

176 1593 264 1672 apud
298 1592 407 1655 sedem
440 1589 654 1671 apostolicam
685 1596 858 1658 vacantem
889 1592 931 1656 ad
961 1609 1097 1672 presens
1127 1609 1187 1672 per
1219 1591 1456 1673 promocionem
1486 1591 1684 1658 venerabilis
1713 1590 1830 1659 1001010

175 1696 283 1762 000101
306 1695 480 1777 Gerhardi,
505 1695 744 1784 archiepiscopi
771 1695 966 1780 Maguntini,
999 1697 1074 1762 olim
1105 1697 1248 1763 eiusdem
1272 1697 1408 1764 ecclesie
1431 1697 1601 1780 prepositi,
1626 1718 1699 1764 cum
1722 1699 1831 1765 nullus

176 1809 288 1884 preter
326 1823 386 1869 nos
418 1803 659 1884 preposituram
693 1803 798 1885 ipsam
831 1802 981 1869 00010000
1015 1803 1137 1886 001001,
1174 1804 1412 1871 constitucione
1447 1803 1553 1870 felicis
1588 1805 1830 1872 recordacionis

175 1909 352 1975 Clementis
390 1930 485 1992 pape,
526 1909 768 1993 predecessoris
800 1910 914 1992 nostri,
955 1930 1054 1992 super
1094 1910 1336 1992 personatibus,
1377 1911 1604 1995 dignitatibus
1643 1913 1828 1995 prebendis

175 2037 233 2082 seu
265 2016 433 2083 beneficiis
469 2016 704 2084 ecclesiasticis
734 2020 821 2100 apud
852 2020 962 2084 sedern
985 2017 1090 2100 ipsam
1121 2017 1327 2100 vacantibus,
1359 2038 1418 2101 per
1445 2019 1628 2085 Romanum
1658 2021 1831 2086 dumtaxat

175 2123 362 2224 pontificem
393 2121 600 2190 conferendis
631 2123 720 2190 01110
750 2123 941 2206 0001010010,
974 2144 1022 2230 acu
1025 2192 1032 2228 ι
1043 2127 1186 2190 0001010
1217 2133 1346 2206 tempus
1375 2125 1535 2192 effluxerit
1565 2132 1727 2192 statutum
1769 2145 1829 2207 per

175 2229 436 2296 moderacionem
460 2230 512 2312 pie
536 2229 687 2298 memorie
713 2231 867 2315 Gregorii
884 2251 969 2314 pape
986 2233 1029 2312 X,
1052 2231 1294 2312 predecessoris
1317 2231 1432 2314 nostri,
1457 2251 1556 2314 super
1571 2233 1633 2297 boc
1649 2232 1829 2299 adhibitam

175 2337 209 2402 10
243 2337 379 2403 00001110
410 2337 633 2421 Lugdunensi,
665 2357 791 2403 necnon
824 2338 1051 2404 canonicatum
1076 2338 1220 2404 eiusdem
1243 2338 1573 2405 Frankenvordensis
1597 2339 1734 2405 ecclesie
1757 2359 1829 2404 cum

175 2442 378 2526 plenitudine
402 2443 482 2509 iuris
507 2443 656 2510 canonici
679 2452 713 2510 et
737 2445 935 2526 prebendam
959 2445 1039 2510 nulli
1062 2445 1120 2511 alii
1143 2447 1183 2511 de
1204 2444 1275 2511 iure
1292 2445 1446 2527 debitam,
1472 2445 1500 2511 si
1515 2465 1581 2526 qua
1595 2445 1713 2511 ibidem
1729 2452 1830 2514 vacat

176 2554 219 2616 ad
249 2569 395 2632 presens,
429 2571 500 2616 cnm
531 2551 680 2616 omnibus
702 2549 829 2617 iuribus
854 2558 887 2617 et
911 2551 1124 2634 pertinenciis
1147 2551 1215 2617 suis
1239 2552 1423 2634 apostolica
1445 2551 1507 2618 tibi
1530 2551 1730 2619 auctoritate
1754 2572 1830 2618 con-

175 2655 313 2723 ferimus
345 2664 378 2722 01
408 2657 617 2740 providemus
647 2661 687 2724 10
717 2657 782 2723 illis
813 2664 910 2740 teque
940 2679 1000 2742 per
1029 2665 1177 2725 nostrum
1210 2659 1342 2725 anulum
1365 2659 1558 2726 investimus
1582 2658 1830 2741 presencialiter

176 2766 216 2828 de
241 2765 371 2830 eisdem.
423 2764 459 2830 Si
480 2785 559 2831 vero
584 2765 673 2832 nulla
696 2764 774 2832 talis
799 2767 966 2847 prebenda
989 2785 1075 2831 nunc
1098 2772 1199 2832 vacat
1222 2765 1256 2831 in
1280 2765 1420 2832 ecclesia
1443 2765 1645 2847 supradicta,
1673 2785 1733 2832 nos
1756 2786 1830 2848 pre-

175 2871 316 2937 bendam
340 2871 437 2938 011010
462 2871 607 2954 proxime
630 2869 711 2937 inibi
734 2879 937 2954 vacaturam,
964 2893 1025 2954 que
1049 2871 1130 2938 nulli
1153 2872 1210 2938 alii
1232 2874 1272 2938 10
1294 2872 1365 2939 1000
1389 2871 1539 2939 similiter
1558 2874 1728 2955 debeatur,
1754 2892 1830 2938 con-

175 2975 346 3044 ferendam
376 2979 445 3060 tibi,
479 2999 549 3044 cum
580 2979 762 3062 vacaverit,
795 2979 967 3046 donaciani
998 2979 1177 3062 apostolice
1207 2999 1425 3060 reservamus,
1457 2982 1672 3046 decernentes
1702 2999 1830 3046 exnunc

174 3084 304 3151 irritum
328 3091 362 3150 et
378 3085 484 3166 inane,
510 3085 539 3151 si
557 3105 652 3152 secus
668 3105 766 3167 super
782 3086 845 3152 hiis
861 3106 882 3152 a
898 3106 1060 3168 quoquam
1076 3086 1192 3168 quavis
1209 3085 1408 3152 anctoritate
1425 3085 1601 3169 contigerit
1617 3086 1827 3168 attemptari3

175 3211 240 3258 000
271 3193 481 3259 obstantibus
512 3196 551 3259 de
582 3201 672 3258 00010
707 3192 937 3259 canonicorum
960 3213 1103 3275 numero,
1129 3213 1186 3259 seu
1211 3192 1409 3274 quibuslibet
1433 3191 1507 3259 aliis
1530 3192 1634 3274 ipsius
1657 3193 1829 3258 Franken-

176 3299 348 3365 vordensis
372 3299 508 3365 00010010
532 3299 669 3366 01010110
693 3305 726 3364 01
742 3299 1031 3365 consuetudinibus
1048 3298 1232 3382 contrariis
1257 3299 1451 3381 iuramento,
1477 3298 1726 3365 confirmacione
1742 3299 1829 3365 sedis

176 3407 367 3488 apostolice,
397 3407 452 3474 vel
482 3406 546 3471 alia
575 3405 691 3487 quavis
714 3405 871 3472 firmitate
894 3406 1037 3488 vallatis,
1064 3406 1174 3472 00101
1198 3405 1299 3488 aliqui
1321 3405 1513 3488 apostolica,
1546 3405 1662 3486 quibus
1686 3424 1745 3489 per
1767 3407 1830 3472 boc

175 3512 297 3578 nullum
319 3513 467 3580 volumus
491 3512 703 3595 preiudicium
727 3513 890 3596 generari,
915 3512 969 3581 vel
992 3513 1058 3580 alia
1081 3513 1198 3594 quavis
1222 3513 1423 3579 auctoritate
1444 3512 1479 3578 in
1503 3515 1617 3578 eadem
1641 3512 1780 3578 ecclesia
1795 3512 1830 3578 in

176 3620 353 3686 canonicos
369 3619 436 3685 sint
451 3619 586 3702 recepti,
605 3619 666 3702 vel,
684 3625 722 3685 ut
737 3620 949 3702 recipiantur,
966 3619 1133 3702 insistant,
1152 3639 1208 3686 seu
1226 3619 1254 3686 si
1269 3640 1369 3702 super
1383 3619 1570 3702 provisione
1587 3618 1651 3685 sibi
1664 3617 1827 3700 10010010,

176 3729 216 3792 10
250 3727 491 3810 personatibus,
525 3727 700 3808 prebendis
730 3727 784 3794 vel
812 3726 978 3792 beneficiis
1008 3725 1241 3793 ecclesiasticis
1271 3726 1305 3792 in
1335 3727 1485 3809 predicta
1516 3725 1829 3794 Frankenvordensi

176 3834 317 3900 ecclesia
339 3835 529 3917 specialiter
549 3835 602 3902 vel
623 3834 657 3899 in
678 3833 829 3916 partibus
844 3833 909 3899 illis
925 3833 1125 3917 generaliter
1143 3839 1276 3900 nostras
1291 3833 1345 3900 vel
1360 3836 1627 3914 predecessorum
1643 3838 1829 3899 nostrorum

177 3942 398 4008 Romanorum
424 3941 612 4024 pontificum
636 3960 693 4006 seu
717 3941 900 4024 legatorum
924 3939 1105 4021 apostolice
1128 3940 1216 4006 sedis
1238 3939 1369 4007 litteras
1384 3940 1604 4022 inpetrarunt,
1630 3939 1747 4021 quibus
1763 3959 1829 4006 om-

176 4049 273 4115 nibus
296 4049 331 4114 in
354 4048 565 4115 assecucione
588 4044 719 4130 0001010
743 4047 949 4130 prepositure
972 4054 1006 4113 10
1029 4047 1178 4116 volumus
1194 4045 1364 4130 anteferri,
1389 4049 1446 4113 sed
1463 4049 1570 4128 quoad
1587 4045 1830 4113 assecucionem

176 4157 315 4223 aliorum
340 4161 572 4236 personatuum
597 4161 631 4220 01
654 4153 852 4238 dignitatum
875 4155 997 4220 nullum
1014 4174 1072 4236 per
1088 4155 1150 4219 hoc
1168 4153 1380 4235 preiudicium
1395 4153 1557 4237 generari,
1583 4172 1640 4219 seu
1656 4152 1685 4219 si
1701 4152 1829 4219 dilectis

175 4264 251 4330 filiis
282 4261 425 4344 capitulo
457 4261 599 4327 eiusdem
629 4261 960 4329 Frankenvordensis
991 4260 1127 4327 ecclesie
1158 4261 1211 4328 vel
1241 4261 1314 4327 aliis
1344 4260 1589 4342 quibuscunque
1617 4259 1829 4326 communiter

176 4372 228 4438 vel
253 4369 381 4436 divisim
406 4390 426 4435 a
450 4372 527 4434 sede
551 4368 733 4450 apostolica
757 4369 801 4434 sit
822 4367 993 4449 indultum,
1028 4370 1113 4448 quod
1139 4371 1181 4434 ad
1204 4366 1428 4449 recepcionem
1451 4367 1503 4434 vel
1527 4365 1747 4448 provisionem
1771 4366 1830 4432 ali-

176 4479 269 4545 cuius
292 4476 421 4542 minime
446 4481 622 4542 teneantur
645 4477 794 4556 quodque
808 4477 849 4540 ad
866 4475 899 4540 id
916 4473 1075 4556 compelli,
1101 4479 1160 4540 aut
1176 4475 1261 4555 quod
1277 4477 1317 4539 de
1334 4472 1575 4556 personatibus
1600 4472 1827 4556 dignitatibus,

177 4583 395 4669 preposituris
429 4589 464 4649 et
495 4581 669 4664 prebendis
701 4581 804 4664 ipsius
837 4580 973 4648 ecclesie
997 4581 1328 4648 Frankenvordensis
1361 4586 1419 4646 aut
1449 4578 1615 4645 beneficiis
1646 4580 1688 4645 ad
1719 4599 1829 4645 eorum

176 4691 389 4759 collacionem
420 4689 647 4772 spectantibus
677 4687 758 4753 nulli
780 4689 893 4755 valeat
916 4687 1081 4770 provideri
1105 4707 1165 4770 per
1186 4687 1318 4753 litteras
1341 4685 1428 4752 dicte
1451 4684 1548 4768 sedis
1579 4704 1644 4751 000
1668 4684 1829 4751 iacientes

177 4800 309 4883 plenam
339 4803 372 4864 01
402 4815 591 4878 expressam
619 4798 658 4861 de
681 4795 808 4860 indulto
832 4794 1016 4861 huiusmodi
1037 4795 1247 4867 1000010000,
1273 4800 1307 4860 01
1330 4793 1476 4875 qualibet
1499 4791 1565 4858 alia
1587 4789 1718 4873 0001010
1741 4792 1829 4858 00110

175 4904 386 4988 indulgencia
415 4902 562 4987 generali
591 4902 644 4970 vel
674 4900 819 4983 speciali,
852 4901 1081 4982 cuiuscumque
1106 4901 1230 4967 tenoris
1254 4899 1386 4981 existat,
1418 4919 1478 4981 per
1500 4917 1596 4980 quarn
1622 4897 1829 4979 presentibus

177 5033 242 5078 000
266 5030 456 5092 expressam
486 5010 539 5076 vel
569 5009 718 5075 totaliter
748 5028 812 5074 non
842 5008 1001 5074 insertam
1031 5008 1167 5074 efiectns
1201 5005 1385 5073 huiusmodi
1408 5012 1520 5071 nostre
1544 5003 1655 5088 gracie
1678 5003 1830 5086 impediri

176 5119 290 5185 valeat
313 5116 366 5185 001
389 5116 503 5198 1111001,
528 5123 562 5182 01
585 5119 625 5181 10
649 5135 714 5196 000
738 5114 893 5196 00100000
917 5121 987 5181 1010
1004 5121 1119 5181 100000
1138 5118 1178 5181 10
1193 5116 1295 5183 000110
1312 5115 1353 5180 01
1369 5113 1505 5180 verbum
1520 5111 1554 5176 in
1570 5111 1693 5177 nostris
1708 5110 1829 5176 litteris

176 5227 329 5292 habenda
353 5223 395 5289 sit
417 5223 541 5289 mencio
564 5221 725 5304 specialis
752 5221 821 5288 sive
844 5225 928 5302 quod
949 5221 983 5288 in
999 5222 1140 5288 ecclesia
1154 5220 1351 5304 Maguntina
1366 5216 1582 5298 scolastriam,
1600 5217 1829 5283 canonicatum

177 5341 209 5398 et
241 5332 441 5413 prebendam
471 5337 505 5395 01
535 5328 704 5395 0001001010
736 5331 775 5395 10
799 5328 931 5410 Wizele,
965 5329 1159 5412 Maguntina
1189 5327 1349 5412 dyocesis,
1381 5345 1463 5407 quas
1493 5345 1533 5390 ex
1563 5330 1675 5389 nostre
1699 5323 1829 5404 dispen-

177 5436 320 5504 sacionis
350 5435 464 5519 gracia
492 5434 624 5517 0011000,
655 5433 801 5501 00000010
832 5435 990 5517 obtinere,
1022 5442 1081 5501 aut
1111 5436 1140 5501 si
1170 5454 1307 5516 presens
1336 5453 1400 5500 non
1422 5430 1526 5497 fueris
1550 5434 1593 5497 ad
1616 5432 1829 5512 prestandum

178 5547 215 5610 10
241 5542 458 5610 observandis
482 5541 618 5608 statutis
642 5549 675 5607 01
700 5540 989 5609 consuetudinibus
1014 5541 1158 5608 eiusdem
1182 5538 1511 5607 Frankenvordensis
1538 5537 1674 5604 00010010
1698 5536 1829 5602 00111010

176 5651 405 5732 iuramentum,
431 5652 600 5716 dummodo
623 5648 657 5714 in
682 5648 838 5715 absencia
861 5654 920 5715 tua
942 5669 1003 5731 per
1026 5655 1274 5731 procuratorem
1295 5649 1458 5732 ydoneum
1473 5653 1517 5727 et,
1543 5664 1615 5710 cum
1635 5645 1677 5709 ad
1693 5643 1829 5710 eandem

179 5755 350 5823 ecclesiam
380 5756 570 5840 0000000010,
602 5754 819 5838 corporaliter
848 5755 929 5822 illud
959 5762 1097 5837 prestes.
1146 5753 1236 5820 Nulli
1265 5773 1343 5838 ergo
1374 5750 1502 5819 omnino
1531 5751 1696 5818 hominum
1729 5749 1830 5816 liceat

229 5904 395 5951 anklurter
410 5903 605 5950 urkundenbuch
619 5905 636 5947 1.
1670 5892 1704 5946 37
