4400 6384
855 340 923 394 1281
942 338 1065 395 Februar
1084 342 1126 395 10.
1748 346 1813 411 213

159 536 301 603 remedio
325 536 506 603 animarum
530 542 715 601 nostrarum
741 557 780 602 ac
804 537 943 603 omnium
968 546 1142 620 parentum
1165 546 1351 605 nostrorum
1374 538 1408 605 in
1431 542 1518 606 bona
1541 540 1722 607 valitudine
1739 562 1815 608 con·

160 644 270 710 stituti
299 651 332 710 et
362 644 480 710 mentis
511 650 623 710 nostre
654 650 819 726 compotes
850 644 995 711 unanimi
1022 665 1184 712 consensu
1208 652 1242 712 et
1264 646 1436 714 voluntate
1458 646 1650 727 liberaliter,
1676 668 1756 730 pure
1780 657 1814 716 et

159 750 350 833 simpliciter
374 757 510 833 propter
533 753 627 816 deum
651 750 843 818 donavimus
868 752 975 819 omnia
998 754 1085 818 bona
1105 759 1219 819 nostra
1234 753 1367 820 mobiha
1383 773 1422 819 ao
1437 753 1624 837 immobilia,
1649 773 1711 836 que
1727 775 1813 823 nunc

158 859 315 925 habemus
339 866 372 924 et
396 855 598 924 infuturum
622 858 744 924 habere
769 857 957 940 poterimus,
984 860 1239 925 commendatori
1262 866 1294 925 et
1318 856 1480 926 fratribus
1503 860 1676 943 hospitalis
1700 864 1813 929 domus

157 964 359 1033 l'lreutonice
382 965 416 1032 in
433 966 669 1047 Sassenhusen,
694 964 867 1032 usufructu
883 973 1073 1032 remanente
1089 970 1177 1048 apud
1194 987 1263 1047 1100,
1287 968 1347 1033 hec
1363 967 1526 1052 videlicet,
1551 987 1650 1034 unum
1666 990 1814 1037 mansum

157 1080 247 1139 terre
277 1071 413 1139 arabilis
442 1072 476 1138 in
499 1072 693 1156 Prumheim,
719 1076 784 1139 dua
813 1072 909 1156 iugra
940 1081 1110 1155 pratorum
1139 1073 1267 1156 ibidem,
1292 1073 1370 1140 item
1400 1074 1434 1141 in
1459 1075 1624 1158 Clopheim
1648 1076 1813 1143 dimidium

155 1200 315 1261 mansum,
340 1187 465 1263 septem
490 1178 613 1246 octalia
635 1178 774 1263 siliginis
799 1180 969 1247 annuatim
993 1181 1183 1263 solventem,
1208 1201 1303 1262 quem
1327 1181 1492 1248 dimidium
1516 1202 1663 1250 mansum
1687 1181 1813 1250 fratres

157 1286 297 1369 predicti
330 1306 402 1354 cum
435 1286 499 1354 alio
532 1286 662 1352 dimidio
695 1306 809 1354 manso
841 1285 875 1353 in
908 1285 1092 1352 Prumheim
1125 1307 1146 1353 a
1176 1288 1324 1370 liuperto
1357 1287 1460 1355 mihte
1492 1297 1684 1371 comparato
1717 1292 1812 1359 nobis

156 1401 490 1478 recompensaverunt
521 1396 563 1461 ad
594 1402 743 1476 tempora
773 1393 850 1475 vite,
881 1393 959 1459 item
989 1392 1023 1459 in
1047 1412 1161 1477 campo
1185 1394 1262 1461 ville
1286 1394 1470 1461 Prumheim
1493 1396 1560 1462 tria
1581 1396 1679 1481 iugra
1702 1406 1814 1481 preter

155 1522 256 1570 unum
286 1502 437 1585 quartale
459 1501 554 1567 iuxta
578 1501 815 1569 Gotschalkum
839 1500 973 1566 mihtem
1004 1500 1078 1576 sita,
1104 1500 1182 1567 item
1205 1521 1321 1568 versus
1347 1502 1524 1569 Steinbach
1551 1524 1650 1571 unum
1673 1505 1812 1589 iugrum,

155 1610 235 1676 item
258 1629 375 1676 versus
391 1608 581 1676 Redelheim
605 1627 711 1687 unum,
736 1606 813 1674 item
837 1607 870 1673 in
895 1611 967 1674 dem
989 1608 1082 1674 brule
1108 1608 1173 1673 tria
1197 1608 1363 1690 quartalia
1386 1616 1565 1692 pratorum,
1590 1610 1667 1678 item
1682 1612 1717 1678 in
1732 1612 1813 1679 locis

156 1719 284 1784 duobus
306 1736 423 1784 versus
438 1715 656 1783 Huserholtze
680 1734 779 1782 unum
802 1714 930 1798 ingram
954 1721 1124 1797 pratorum
1144 1721 1177 1781 et
1193 1715 1368 1798 dimidium,
1392 1715 1471 1783 item
1492 1717 1657 1785 dimidium
1684 1719 1813 1803 iugrum

156 1832 337 1907 pratorum,
355 1825 440 1906 quod
456 1822 578 1891 transit
594 1823 681 1889 viam
694 1842 809 1903 versus
824 1821 1110 1905 Francklordiam,
1123 1822 1202 1888 item
1219 1822 1285 1888 tria
1302 1823 1398 1907 iugra
1415 1824 1449 1890 in
1465 1825 1659 1909 Prumheim,
1673 1846 1735 1907 que
1752 1846 1812 1910 ego

155 1932 413 1999 Erembrechtus
436 1928 625 2013 comparavi
648 1935 682 1996 et
704 1929 826 1997 donavi
842 1948 913 1995 cum
932 1929 1026 1996 bonis
1043 1930 1242 2011 supradictis
1258 1930 1419 1998 iratribus
1444 1939 1478 1998 et
1492 1933 1600 1999 domui
1620 1941 1811 2016 prenotate:

156 2059 217 2124 ego
248 2058 327 2105 vero
351 2037 527 2107 Gertrudis
557 2037 707 2119 predicta
735 2036 846 2120 legavi
873 2057 912 2104 ac
936 2037 1057 2104 donavi
1081 2037 1168 2104 dicte
1203 2038 1311 2104 domui
1335 2038 1536 2106 Tlreutonice
1561 2044 1689 2107 domum
1714 2062 1813 2109 unam

157 2154 192 2213 et
222 2144 388 2213 dimidiam
420 2144 543 2211 curiam
575 2152 609 2211 et
639 2144 705 2211 tria
734 2143 831 2228 iugra
859 2144 894 2210 in
917 2144 1101 2211 Prumheim
1126 2144 1201 2226 sita,
1226 2144 1288 2211 hiis
1312 2152 1447 2211 tamen⁸
1474 2146 1719 2214 condicionibus
1743 2148 1812 2217 sive

155 2253 261 2321 modis
291 2252 439 2333 adiectis
463 2260 509 2333 ut,
543 2252 571 2318 si
601 2272 661 2335 ego
685 2251 941 2318 Erembrechtus
966 2254 1131 2320 Gertrude
1159 2252 1337 2336 superstite
1362 2252 1563 2332 decessero,b
1596 2254 1704 2322 omnia
1726 2257 1813 2322 bona

155 2380 229 2428 mea
252 2359 428 2427 immobilia
452 2362 493 2425 ad
517 2358 640 2424 dictum
663 2358 826 2441 hospitale
850 2366 885 2425 et
907 2357 1031 2426 iratres
1055 2358 1264 2443 integraliter
1286 2366 1321 2427 et
1344 2359 1414 2425 sine
1434 2360 1693 2428 contradictione
1708 2361 1813 2442 quali·

155 2471 213 2535 bet
243 2468 468 2550 devolventur,
493 2466 702 2533 medietatem
733 2473 765 2532 et
795 2467 953 2533 bonorum
983 2486 1125 2533 meorum
1157 2465 1322 2533 mobihum
1350 2466 1489 2548 predicti
1512 2471 1755 2536 commendator
1778 2476 1811 2535 et

155 2574 281 2642 iratres
305 2574 495 2657 percipient,
520 2572 647 2654 rehqua
670 2580 766 2656 parte
789 2575 947 2640 bonorum
970 2593 1115 2640 meorum
1131 2577 1219 2656 apud
1233 2573 1339 2656 ipsam
1355 2575 1554 2641 Gertrudem
1569 2594 1674 2642 meam
1689 2575 1813 2660 legitti-

155 2701 242 2749 mam
272 2685 379 2764 quoad
409 2679 531 2748 vixerit
561 2686 759 2761 remanente,
792 2679 861 2747 sive
892 2677 1056 2762 prefatam
1080 2682 1279 2748 Gertrudem
1309 2679 1412 2763 primo
1441 2684 1600 2749 decedere
1625 2682 1811 2766 contigerit,

155 2788 266 2856 omnia
295 2788 382 2855 bona
411 2786 553 2869 mobilia,
580 2806 641 2868 que
672 2806 712 2853 ex
743 2793 839 2869 parte
869 2786 972 2870 ipsius
1002 2787 1100 2853 michi
1131 2794 1321 2869 evenerunt,
1347 2788 1488 2870 predicti
1512 2792 1755 2856 commendator
1779 2795 1812 2855 et

154 2895 281 2964 iratres
304 2895 511 2979 integraliter
535 2893 727 2977 percipient,
753 2893 1012 2961 contradictione
1032 2894 1180 2976 qualibet
1199 2914 1263 2960 non
1282 2896 1446 2961 obstante.
1486 2895 1566 2963 Post
1581 2903 1716 2963 mortem
1733 2916 1812 2963 vero

154 3006 348 3071 amborum⁰
373 3009 558 3069 nostrorum
581 3000 753 3068 memorati
776 3004 1019 3068 commendator
1042 3007 1076 3067 et
1099 2998 1223 3067 fratres
1239 3000 1347 3067 omnia
1362 3002 1450 3067 bona
1466 3010 1581 3069 nostra
1597 3010 1665 3069 tarn
1680 3003 1813 3071 mobilia

154 3130 254 3193 quam
276 3109 453 3177 immobilia
476 3108 658 3191 percipient
681 3114 714 3175 et
739 3110 779 3173 ad
804 3126 860 3173 eos
880 3106 982 3173 libere
999 3108 1224 3174 devolventur.
1265 3107 1435 3202 Adiectum
1454 3107 1517 3195 [est
1525 3106 1553 3196 ⁶]
1569 3109 1713 3192 insuper,
1730 3117 1768 3176 ut
1784 3110 1812 3176 si

154 3224 354 3301 paupertate
378 3222 436 3283 aut
460 3213 604 3282 evidenti
627 3214 835 3295 necessitate,
861 3216 946 3295 quod
970 3212 1067 3295 absit,
1092 3214 1226 3298 gravati
1242 3212 1408 3296 luerimus,
1434 3215 1527 3282 nobis
1550 3216 1662 3283 licebit
1678 3219 1718 3283 de
1735 3236 1814 3283 con·

153 3344 254 3392 sensu
278 3331 312 3391 et
335 3324 506 3391 voluntate
530 3322 691 3388 dictorum
714 3320 985 3387 commendatoris
1010 3339 1049 3385 ac
1073 3319 1214 3386 fratrum
1237 3324 1379 3388 vendere
1404 3342 1460 3387 seu
1485 3322 1630 3389 alienare
1653 3326 1694 3389 de
1717 3323 1811 3389 bonis

152 3431 280 3499 nostris
310 3429 471 3513 equaliter
501 3426 692 3496 estimandis
720 3447 779 3509 pro
804 3446 946 3510 persona
970 3426 1114 3508 cuilibet,
1138 3426 1187 3493 ita
1211 3430 1295 3507 quod
1320 3427 1427 3494 media
1450 3448 1529 3511 pars
1552 3431 1710 3496 bonorum
1733 3429 1812 3496 alie-

152 3541 337 3605 nandorum
376 3536 539 3603 alienetur
569 3542 602 3601 et
632 3534 838 3601 distrahatur
869 3536 908 3601 de
938 3533 1033 3600 bonis
1063 3532 1279 3599 immobilibus
1311 3534 1511 3617 0111011101,ο
1539 3543 1637 3617 prout
1665 3536 1811 3619 ipsorum

151 3644 337 3712 necessitas
368 3643 502 3711 euidens
533 3641 636 3725 exigit
666 3648 699 3708 et
729 3640 877 3722 requirit.
925 3641 964 3705 In
995 3660 1131 3721 quorum
1162 3640 1384 3707 testimonium
1414 3649 1448 3708 01
1471 3642 1599 3709 roboris
1621 3642 1811 3709 firmitatem

151 3758 327 3835 presentes
356 3750 471 3817 literas
501 3748 576 3815 hinc
606 3747 682 3814 inde
713 3744 925 3834 [coniectas‘l
959 3766 1018 3813 nos
1053 3750 1297 3814 commendator
1328 3755 1361 3813 et
1392 3745 1515 3814 iratres
1546 3748 1653 3832 sigillo
1684 3756 1809 3830 nostro,

150 3859 299 3941 dictique
315 3858 519 3924 Erhrechtus
539 3862 572 3923 et
588 3854 764 3923 Gertrudis
780 3854 896 3937 sigilhs
912 3854 1031 3937 prioris
1047 3851 1189 3920 fratrum
1205 3854 1451 3921 Predicatorum
1467 3855 1501 3921 in
1514 3854 1762 3923 Franckeulurt
1777 3864 1812 3923 et

149 3965 308 4051 magistri
330 3964 482 4045 Ditmari,
508 3961 658 4029 canonici
681 3968 714 4027 et
738 3961 869 4043 plebani
892 3960 1020 4043 ibidem,
1046 3959 1250 4049 [communiri
1272 3959 1456 4048 1001111103]Ι
1497 3962 1620 4029 Datum
1644 3969 1678 4028 et
1701 3971 1810 4030 actum

149 4071 380 4155 presentibus:
402 4070 549 4154 predicto
566 4069 716 4135 Ditmaro
733 4067 872 4150 plebano
889 4065 1182 4149 Francklordensi,
1197 4067 1397 4134 Theoderico
1414 4068 1516 4134 milite
1532 4067 1620 4137 dicto
1634 4070 1809 4152 Zenechin,

149 4179 383 4247 consentiente
411 4174 596 4243 huiusmodi
626 4182 660 4241 et
689 4172 814 4241 lactum
845 4181 1054 4257 procurante,
1084 4174 1164 4241 item
1189 4176 1340 4241 Cunrado
1371 4178 1411 4240 de
1439 4176 1555 4241 Rodde
1585 4175 1710 4243 sororio
1738 4196 1810 4244 meo

147 4284 341 4367 Erbrechti,
368 4291 402 4351 et
425 4285 577 4351 Ounrado
608 4281 725 4348 ibidem
734 4281 771 4367 (l)
801 4280 866 4347 filio
898 4280 1020 4348 sororis
1044 4300 1124 4364 mee,
1157 4288 1191 4347 et
1215 4281 1288 4348 aliis
1312 4301 1409 4364 quam
1433 4280 1581 4363 pluribus
1603 4283 1667 4349 fide
1691 4282 1809 4369 dignis

147 4398 251 4461 Anno
291 4390 411 4459 domini
448 4388 617 4457 millesimo
653 4387 873 4455 ducentesimo
909 4387 1131 4472 octuagesimo
1167 4388 1287 4471 primo,
1323 4407 1434 4455 mense
1469 4386 1653 4472 februario,
1689 4388 1724 4455 in
1759 4389 1810 4456 die

147 4504 253 4581 beate
276 4500 418 4583 Agathe.

369 4638 1197 4707 1111001νὶ11101101110100·ᾱο00-1101100001011111011,1252.
1236 4637 1484 4708 311810119011.
1511 4669 1545 4676 —
1571 4637 1629 4692 Von
1648 4636 1809 4692 Natbusr'ua

144 4904 247 4981 442.
270 4910 381 4995 Kdniy
397 4910 525 4992 liudolf
546 4910 671 4974 cerleiht
693 4910 763 4973 dem
778 4907 812 4973 F
812 4908 913 4989 ruuhf
913 4914 996 4972 10101·
1013 4908 1245 4973 Schulthcr'sscu
1259 4908 1414 4972 Heinrich
1437 4928 1497 4971 0011
1507 4907 1609 4987 jedcm
1626 4928 1668 4970 ru
1683 4904 1810 4971 Frenis·

269 5019 341 5101 furt
366 5014 895 5083 10011001101111101111101110111
920 5016 967 5079 his
991 5015 1055 5097 drus
1074 5014 1248 5097 lildrrruf.
1290 5016 1388 5093 iiico,
1414 5020 1500 5079 1281
1524 5014 1673 5078 Februo·
1697 5020 1749 5079 10.

262 5158 425 5228 Rudollus
449 5158 502 5225 dei
523 5158 639 5243 gracia
654 5160 875 5225 Romanorum
899 5177 967 5239 rer,
993 5176 1122 5239 semper
1140 5163 1310 5240 augustus.
1351 5153 1523 5222 Universis
1539 5154 1628 5220 sacri
1641 5153 1770 5237 imperii
1782 5153 1809 5229 ii

143 5266 297 5337 Romani
318 5266 468 5334 fidelibus
491 5272 662 5349 presentes
685 5264 815 5332 litteras
838 5262 1048 5346 inspecturis
1073 5262 1219 5347 graciam
1238 5269 1381 5329 suamet
1403 5280 1495 5328 omne
1510 5263 1639 5328 bonum.
1657 5258 1682 5335 li
1695 5260 1809 5327 Fidem

142 5386 178 5445 01
205 5374 331 5443 merita
353 5373 457 5440 fidehs
481 5370 588 5439 nostri
610 5371 721 5439 dilecti
740 5368 889 5437 Heinrici
912 5369 1045 5437 sculteti
1059 5367 1389 5436 Frankenvordensis
1405 5365 1578 5450 benignius
1593 5367 1617 5441 is
1631 5366 1807 5449 intuentes,

142 5486 235 5552 hanc
270 5480 335 5547 sihi
364 5479 547 5547 liberaliter
577 5478 723 5563 graciam
754 5476 904 5543 duximus
936 5474 1130 5558 laciendam,
1156 5478 1242 5559 quod
1271 5474 1356 5541 idem
1386 5472 1563 5540 Heinricus
1593 5476 1633 5540 de
1664 5473 1810 5556 quohbet

422 5672 578 5729 proruam:
598 5674 743 5725 ,0011110111ἰ
778 5670 803 5725 b)
816 5668 933 5723 Vorlape:
948 5668 1088 5725 ,superficie
1102 5668 1250 5712 1100001010·
1280 5666 1430 5722 avenione.-
1444 5668 1610 5721 ,0111001111Ι
1638 5666 1663 5721 11)
1673 5669 1737 5719 ,esu
1746 5667 1811 5722 fehlt

369 5744 396 5787 in
410 5742 575 5798 derVorlaoe.
604 5743 627 5797 e)
640 5741 758 5795 11001000.-
771 5740 909 5795 ,cuilibet'
938 5738 1127 5794 1),οο111001111·
1141 5739 1205 5794 fehlt
1218 5739 1245 5782 in
1260 5738 1427 5793 ‹servor-lupe.
1463 5741 1490 5792 g)
1505 5738 1544 5783 dle
1558 5737 1638 5782 Worre
1652 5738 1811 5791 ,communiri

369 5813 484 5883 lecimus·
497 5813 581 5871 sehim
595 5814 622 5856 in
637 5812 681 5856 der
692 5811 802 5865 Vorlape.
