4400 6384
702 326 771 381 1034
790 325 897 382 Januar
915 327 951 380 30
970 357 1003 366 -
1031 326 1099 380 1074
1118 326 1226 381 Jauuar
1244 326 1286 380 18.
1781 328 1820 392 11

168 530 293 606 pateat,
319 525 587 603 quemadmodum
609 542 669 589 nos
694 541 752 604 pro
776 522 917 588 remedio
942 529 1076 589 nostrae
1100 529 1134 588 et
1157 522 1338 589 animarum
1358 529 1532 604 parentum
1547 528 1744 604 nostrorum,
1769 522 1824 590 avi

168 630 320 696 videlicet
351 636 384 695 et
417 628 486 695 eius
517 629 687 710 aequivoci
719 629 852 694 Ottonis
882 629 1041 712 genitoris
1076 629 1182 695 nostri
1196 627 1220 702 ll
1251 629 1487 712 imperatorum
1516 609 1765 712 augustorum,l
1791 635 1825 694 et

168 736 345 803 elemosina
367 737 486 802 beatae
516 735 690 802 memoriae
714 735 883 819 genitricis
914 743 1047 802 nostrae
1075 737 1277 818 Theophanu
1309 735 1529 818 imperatricis
1559 741 1732 818 augustae,
1764 733 1823 801 etb

168 842 306 909 maxime
331 845 371 909 ob
396 841 480 929 bole,
514 849 552 908 ut
581 842 615 908 in
639 841 786 923 qualibet
818 841 954 928 sext⁰la
985 839 1070 908 feria
1103 862 1162 925 per
1194 849 1300 909 totum
1332 862 1453 909 annum
1484 841 1578 908 nobis
1611 842 1824 908 communiter

167 949 299 1017 missam
323 950 489 1015 celebrent
513 969 586 1015 cum
608 949 791 1016 hostiarum
813 949 1043 1030 oblationibus,
1068 956 1101 1015 et
1124 945 1189 1015 imd
1210 948 1378 1032 psalteriis
1403 947 1586 1029 ceterisque
1609 947 1822 1029 orationibus,

167 1055 302 1138 insuper
316 1056 435 1122 cotidie
458 1063 584 1139 septem
606 1056 695 1123 boris
718 1055 783 1122 diei
798 1055 935 1122 totidem
957 1056 1122 1137 psalmos⁰
1145 1058 1371 1137 decantantes,
1396 1054 1566 1136 iratribus,
1589 1053 1644 1135 qui
1666 1060 1782 1120 sancto
1797 1053 1822 1127 ll

168 1163 328 1230 salvatori
350 1162 385 1229 in
408 1162 544 1230 castello
561 1170 674 1230 nostro
691 1165 950 1230 Frankonovurt
965 1162 1131 1228 nominato
1153 1162 1205 1228 die
1220 1159 1422 1243 noctaequer
1442 1161 1601 1242 serviunt,
1627 1167 1661 1226 et
1676 1156 1823 1227 Obberto

168 1269 291 1351 abbati,
317 1269 434 1351 quibus
457 1269 528 1352 ipse
552 1269 729 1352 praesidet,
755 1269 886 1350 suisque
910 1268 1154 1336 successoribus
1177 1269 1324 1335 dedimus
1345 1287 1472 1335 omnem
1492 1265 1715 1351 piscationem,
1740 1285 1824 1347 quae

168 1378 210 1440 ad
233 1382 383 1442 nostrum
406 1375 530 1459 regium
553 1375 605 1442 ius
621 1375 765 1458 pertinet
788 1375 967 1443 influmine
983 1377 1124 1459 Moynus
1140 1382 1270 1456 vocato,
1295 1396 1316 1441 a
1331 1374 1586 1456 quibuscumque
1602 1372 1823 1456 piscatoribus

168 1481 289 1548 nostris
314 1481 383 1550 sive
407 1482 480 1548 aliis
504 1482 538 1548 in
562 1489 658 1548 sexta
681 1481 775 1564 feria,
799 1483 862 1548 boc
885 1490 937 1548 est
960 1482 1012 1548 die
1028 1481 1179 1564 Ueneris
1207 1502 1266 1564 per
1289 1487 1394 1548 totum
1417 1487 1546 1547 noctem
1569 1485 1604 1546 et
1626 1478 1710 1547 diem
1732 1478 1824 1544 illum

168 1588 268 1669 aliqui
298 1588 405 1670 pisces
436 1589 547 1670 aliqua
577 1597 650 1655 arte
681 1589 750 1655 sive
780 1588 907 1654 retibus
937 1587 1007 1657 sive
1030 1589 1125 1654 hamo
1157 1608 1214 1654 seu
1238 1595 1341 1669 neste,
1373 1591 1459 1669 quod
1486 1585 1670 1669 vulgariter
1700 1584 1824 1651 riusam

168 1702 298 1776 vocant,
324 1694 399 1778 capi
422 1703 568 1778 possunt.
616 1697 669 1762 Ea
697 1695 850 1763 videlicet
880 1694 1018 1776 ratione,
1050 1702 1088 1760 ut
1118 1714 1229 1760 omnes
1260 1694 1442 1777 piscatores
1473 1712 1532 1775 per
1561 1693 1646 1758 banc
1676 1697 1824 1758 nostram

168 1801 431 1883 praeceptionem
455 1821 527 1867 cum
550 1801 679 1868 ratione
703 1798 856 1867 delerant
880 1803 921 1866 ad
944 1800 996 1866 ius
1020 1800 1152 1866 abbatis
1176 1807 1209 1867 et
1232 1797 1375 1867 fratrum
1398 1799 1515 1882 pisces,
1548 1817 1628 1880 qnos
1653 1796 1822 1880 praedicto

168 1906 219 1972 die
243 1914 277 1973 et
300 1914 396 1974 nocte
420 1907 559 1975 Ueneris
585 1907 696 1989 aliqua
720 1915 816 1974 arteg
842 1907 1116 1990 comprehendere
1148 1914 1295 1990 possunt,
1327 1907 1413 1973 sicut
1443 1911 1543 1972 antea
1572 1903 1661 1970 soliti
1690 1902 1824 1970 luerunt

168 2017 210 2079 ad
234 2013 358 2097 regiam
391 2014 584 2082 servitutem
608 2021 812 2097 presentare.
860 2013 906 2079 Et
939 2021 976 2080 ut
1007 2015 1090 2080 haec
1122 2021 1239 2080 nostra
1270 2013 1404 2080 donatio
1437 2011 1606 2095 praesenti
1638 2030 1678 2077 ac
1710 2009 1822 2076 futuro

167 2127 312 2202 tempore
328 2122 422 2187 firma
446 2121 616 2203 consistat,
641 2123 703 2188 hoc
719 2126 931 2204 praeceptum
946 2119 1021 2186 inde
1039 2117 1315 2207 conlacriplltum
1330 2117 1484 2206 si[gi¹²]lli
1499 2117 1605 2185 nostri
1619 2115 1823 2199 inpressione

167 2225 299 2310 signare
322 2227 475 2293 iussimus
499 2247 660 2309 manuque
685 2227 828 2310 propria,
853 2233 891 2292 ut
914 2224 1003 2293 inira
1026 2225 1167 2308 videtur,
1193 2225 1486 2294 corroboravimus

274 2333 435 2417 {Signum
458 2334 567 2401 domni
590 2334 723 2401 Ottonis
748 2335 809 2420 (M)
833 2333 1059 2418 gloriosissimi
1082 2333 1206 2418 regisl
1252 2334 1304 2415 (L.
1324 2334 1370 2418 S.)

273 2440 507 2510 {Hildibaldus
532 2441 703 2525 episcopus
728 2448 761 2507 et
785 2440 1001 2507 cancellarius
1025 2438 1096 2509 vice
1143 2440 1309 2524 Uuilligisi
1339 2437 1577 2522 archiepiscopi
1608 2435 1821 2521 recognovit

272 2546 363 2613 Data
378 2548 445 2614 VII
459 2546 503 2614 id.
520 2548 595 2614 mai.
621 2550 717 2615 Anno
734 2547 915 2614 dominicae
928 2547 1168 2614 incarnationis
1184 2547 1467 2614 DOCOCXOIIII.
1492 2545 1611 2612 Indict.
1624 2545 1700 2612 VII.
1725 2545 1821 2609 Anno

165 2657 277 2717 autem
300 2652 391 2720 tertii
415 2653 547 2720 Ottonis
571 2653 742 2737 regnantis
765 2653 945 2720 undecimo.
992 2654 1114 2719 Actum
1136 2654 1399 2720 Franconouurt.

380 2793 426 2848 Or.
441 2795 528 2863 ΡΜ.
566 2794 629 2850 Due
646 2794 734 2863 Siegel
752 2796 801 2850 bat
820 2796 898 2849 doen
917 2793 1037 2866 Spruup.
1077 2795 1346 2850 sussultans.
1367 2793 1407 2850 St.
1426 2795 1520 2850 Nud.

379 2882 478 2937 Gedr..¹
503 2883 585 2952 Buri,
604 2884 747 2953 Drepana,
773 2884 914 2953 U.B.186,
940 2885 1054 2954 Beuape
1073 2883 1127 2938 No.
1141 2887 1194 2939 175
1218 2885 1290 2938 Μελ
1313 2884 1373 2938 dem
1394 2882 1440 2939 Or.
1448 2881 1498 2951 (Β),
1529 2881 1708 2947 Wdrdlwein,
1728 2881 1821 2936 Duae.

432 2971 811 3042 M09.,11,l1enacbuem
832 2973 887 3039 Or,
911 2974 1005 3027 abenao
1024 2973 1068 3038 Β.,
1088 2976 1124 3026 12
1140 2972 1200 3026 aad
1218 2972 1294 3027 Mon.
1312 2974 1401 3027 Germ.
1414 2969 1822 3040 Diptom.,11,554No.144.

383 3060 477 3116 Vera:
504 3062 548 3129 Β.,
574 3061 641 3131 Rep.
655 3062 708 3116 No.
726 3065 784 3129 731,
811 3059 931 3131 Stumps,
951 3061 1003 3115 No.
1019 3065 1096 3116 1016.
1134 3061 1190 3131 vpt.
1210 3060 1300 3116 Sauer
1318 3061 1343 3129 Ι,
1362 3065 1406 3128 18,
1434 3060 1567 3128 Fictard,
1592 3057 1738 3125 Arubiui,
1759 3060 1821 3122 290,

433 3150 614 3220 Ebotadruop,
635 3154 677 3218 18,
695 3155 739 3205 22.

166 3346 230 3421 15.
254 3354 392 3419 Koororl
408 3355 458 3419 II.
484 3356 609 3420 periculo
636 3357 706 3419 dem
737 3357 782 3421 St.
800 3355 1086 3421 Ferrrcliuslcloster
1115 3379 1157 3420 au
1181 3356 1400 3421 Blcirleastudt
1422 3378 1454 3420 a.
1479 3378 1509 3420 α.
1536 3353 1732 3436 Zollfrea'lacit
1761 3353 1826 3434 ures

253 3462 323 3525 dero
346 3461 451 3527 Rbeic
481 3463 547 3526 ond
582 3463 688 3542 Maio,
724 3481 815 3546 ,cum
845 3461 1051 3529 immunitate
1079 3483 1100 3529 a
1135 3462 1285 3529 theloneo
1320 3462 1355 3528 in
1386 3461 1491 3528 alveis
1522 3458 1608 3527 Reni
1642 3467 1677 3526 et
1698 3457 1819 3525 Meni“.

264 3568 397 3668 WormS,
423 3574 509 3634 1034
533 3570 665 3635 Jaouur
688 3575 731 3634 30
757 3569 838 3651 (III
857 3570 918 3634 kal.
944 3570 1041 3654 febr.)

380 3707 462 3764 θεάν.
476 3726 502 3763 u.
517 3726 559 3763 a:
577 3708 696 3780 Stamps,
716 3709 788 3764 Acta
806 3709 880 3778 imp,
900 3714 943 3778 47,
964 3709 1060 3778 Sacer,
1080 3710 1106 3780 I,
1125 3712 1167 3764 59.

385 3798 477 3852 Vera:
494 3797 614 3868 Sturum,
634 3799 687 3854 No.
700 3802 779 3853 2052.

167 3996 231 4072 16.
256 4003 410 4088 luparea
432 4005 487 4069 dec
509 4004 717 4084 Reicbslcofes
739 4027 781 4068 aa
804 4004 989 4085 Froalefuct
1011 4005 1070 4085 fiir
1092 4005 1154 4069 dea
1175 4005 1372 4089 kdaiplicbea
1397 4005 1502 4069 Tiscb.
1550 4009 1736 4069 1064-65.

165 4116 168 4123 '
273 4111 316 4175 lo
337 4110 407 4174 dem
420 4135 421 4138 ¹
434 4110 613 4194 ,indiculus
638 4111 801 4177 curiarum
834 4113 874 4176 ad
906 4129 1051 4176 mensam
1081 4110 1207 4194 regiam
1237 4109 1489 4193 pertinentium“
1522 4111 1618 4175 bost
1647 4132 1698 4175 es:
1732 4110 1820 4195 ,Iste

167 4224 244 4284 sunt
268 4215 366 4298 curie,
401 4236 463 4298 que
494 4217 661 4300 pertinent
691 4220 733 4283 ad
756 4237 901 4284 mensam
925 4217 1013 4301 regis
1037 4217 1194 4284 Romani:
1222 4218 1355 4284 —Iste
1386 4223 1463 4283 sunt
1494 4216 1583 4282 curie
1613 4219 1653 4282 de
1676 4216 1821 4283 Francia

167 4323 256 4390 circa
278 4324 444 4390 Rhenum:
470 4363 513 4372 -
535 4324 615 4390 item
638 4325 892 4391 Frankenevort
907 4324 961 4389 HI
985 4323 1126 4410 [regalia
1149 4322 1332 4411 servitia]“.

273 4433 334 4498 Avs
366 4432 488 4517 Brtrup
521 4437 604 4497 ciues
630 4433 725 4512 jerico
757 4431 905 4496 Dicostrs
937 4433 1018 4496 wirot
1051 4433 1245 4516 clopepcbca:
1281 4431 1444 4517 „Tantum
1470 4433 1567 4496 dant:
1604 4429 1667 4496 XL
1691 4449 1818 4512 porcos,

166 4537 232 4602 VII
244 4537 404 4620 porcellos
419 4538 594 4620 lactantes,
620 4537 811 4622 Lgallinas,
829 4539 1001 4620 Vvaccas,
1020 4537 1201 4620 quingenta
1216 4556 1289 4619 ova,
1318 4538 1352 4603 X
1364 4556 1508 4618 anseres,
1526 4536 1670 4603 Vlibras
1685 4535 1818 4619 piperis,

166 4644 348 4727 nonaginta
371 4663 496 4727 caseos,
523 4644 557 4710 X
572 4642 675 4710 libras
699 4663 783 4727 cere,
808 4644 880 4709 IIII
896 4650 1048 4710 carratas
1071 4643 1141 4711 vini
1163 4643 1331 4727 magnas.“

384 4785 555 4854 Vollctdndip
572 4786 718 4856 pcdmcckt:
736 4785 813 4840 Mon.
829 4785 927 4854 Germ,
943 4785 1056 4854 umetis,
1069 4783 1095 4853 1,
1114 4785 1205 4851 6471Ι

167 4984 231 5059 17.
254 4992 365 5076 Kdoip
386 4993 536 5057 Heinrich
552 4991 609 5056 IV
609 5043 615 5056 .
633 4993 749 5056 erbldrt
772 4995 807 5056 io
830 4996 927 5056 moeno
949 4993 1009 5056 deu
1024 4991 1241 5056 Eiowoboeru
1263 4979 1330 5055 coa
1348 4991 1472 5055 Worms
1495 4990 1652 5054 macutes
1668 4988 1819 5072 Prioilep,

254 5101 331 5165 dass
358 5101 442 5165 dese
469 5123 512 5166 ou
536 5101 751 5165 sllrrrorllt'cbcu
777 5100 973 5184 lodciplr'cbcn
1002 5098 1200 5176 Zollstdttcrv,
1234 5099 1423 5162 comeatlirb
1449 5098 1531 5161 curlo
1556 5119 1598 5160 aa
1624 5096 1818 5179 Frookfuci,

254 5207 379 5290 eodfrci
401 5212 469 5271 seio
492 5208 598 5272 collon.
644 5206 839 5290 ,Teloneum
863 5205 1030 5286 siquidem,
1056 5207 1141 5286 quod
1165 5203 1334 5270 teutonica
1355 5203 1470 5286 lingua
1491 5202 1745 5285 interpretatum
1769 5207 1819 5267 est

432 5429 457 5472 a)
473 5434 486 5466 o
501 5436 547 5468 aus
560 5433 573 5466 r
587 5424 723 5468 verbercert.
753 5425 778 5478 b)
794 5425 843 5468 Die
862 5425 942 5468 Worle
956 5427 995 5477 „et
1008 5448 1035 5456 -
1048 5423 1225 5468 decantantes¹
1239 5423 1297 5466 aad
1309 5425 1360 5467 eret
1372 5420 1544 5476 mersurum
1557 5433 1603 5464 von
1616 5422 1695 5464 eim
1711 5421 1820 5464 andem

380 5495 509 5539 Scureuer
523 5497 569 5538 mit
581 5496 830 5550 vorausgescln'clctem
850 5496 929 5547 littae)
951 5507 991 5538 am
1005 5495 1121 5538 Scblusse
1134 5494 1316 5548 mcbpeaapen
1335 5494 1388 5536 und
1408 5493 1487 5536 durch
1508 5493 1548 5536 ein
1568 5492 1676 5546 dmum)
1695 5493 1756 5536 fiber
1776 5493 1820 5535 der

380 5565 447 5610 Zeila
467 5566 550 5610 hister
569 5571 693 5620 augustae
713 5566 813 5610 bierber
833 5568 963 5610 oerwieaen
979 5566 1090 5620 (Strbel).
1120 5571 1143 5619 c)
1155 5565 1205 5609 Dee
1220 5564 1375 5609 Bucbaaben
1395 5564 1452 5619 bo[c
1465 5589 1492 5595 —
1505 5564 1581 5618 lerlla
1602 5564 1660 5606 sind
1680 5563 1759 5606 durch
1779 5563 1820 5606 ein

379 5637 446 5680 noco
460 5637 495 5679 em
510 5637 657 5690 persumme
669 5639 786 5688 satana·
800 5639 845 5681 aa
860 5638 944 5681 sceva
956 5637 1049 5690 acuas
1069 5636 1176 5680 temerae
1189 5636 1238 5688 aar,
1260 5637 1341 5679 raca
1354 5637 1394 5680 ae
1414 5636 1450 5679 em
1463 5635 1539 5679 muer
1552 5635 1744 5689 mazarorum
1757 5617 1815 5689 fri

377 5709 489 5762 gebalene
503 5707 654 5762 Erasmus
668 5708 920 5762 ,demonstaret-12¹
935 5721 981 5752 rur
994 5707 1110 5760 Fortuna
1124 5707 1168 5750 der
1181 5706 1265 5751 Melae
1279 5707 1348 5750 nicht
1361 5719 1412 5750 aaa.
1440 5706 1465 5756 ‹1›
1477 5707 1527 5750 Die
1540 5706 1639 5760 [ΜΨ
1654 5709 1733 5758 ,curn'
1754 5708 1821 5749 wdre

379 5779 442 5823 auch
456 5778 568 5834 mdgliclr.
596 5785 619 5830 e)
637 5778 711 5823 Ueber
724 5779 814 5823 Rasur.
843 5779 862 5831 1)
878 5780 927 5824 So!
953 5785 979 5833 g)
995 5789 1010 5821 a
1025 5791 1070 5821 arcs
1084 5788 1097 5821 c
1111 5777 1248 5821 verbessert.
1277 5777 1302 5832 b)
1316 5777 1384 5822 Lucio
1396 5779 1432 5821 lm
1446 5777 1599 5831 Persam.
1748 5775 1751 5779 ’
