4400 6384
848 353 918 408 1301)
936 353 1058 407 1111111111
1076 353 1120 409 28.
1155 393 1157 396 ψ
1268 349 1273 356 ’
1744 355 1808 421 377

156 569 299 632 suornm,
324 558 392 616 tam
414 549 449 615 in
472 549 552 616 villa
574 570 673 631 quam
693 548 729 615 in
753 548 901 616 terminis
924 549 1000 617 ville
1019 549 1174 630 eiusdem,
1198 547 1454 616 commendatori
1470 556 1503 616 11
1519 547 1680 616 iratribus
1697 552 1810 616 domus

154 655 357 724 Theutonicc
384 655 422 722 in
444 655 692 723 Franckenlort
721 656 869 738 contulit,
895 656 1030 724 donavit
1061 662 1095 722 et
1124 654 1251 741 legavit
1280 673 1353 722 cunr
1383 655 1470 722 omni
1497 655 1579 739 iure,
1604 676 1667 738 quo
1694 656 1809 723 diebus

153 764 223 831 vite
253 783 311 831 sue
342 764 498 847 possedit,
524 762 690 830 collocans·
717 783 773 830 eos
802 763 836 829 in
867 760 1105 829 usumfructum
1135 769 1169 829 et
1199 761 1437 846 possessionem
1466 763 1628 830 dictorum
1650 765 1809 829 bonorum

152 871 255 938 libere
278 876 312 937 et
335 869 494 953 absolute,
517 867 698 952 sicutipse
721 869 877 952 possedit,
902 868 1115 951 possidendos
1139 874 1173 935 11
1196 872 1373 935 secundum
1396 888 1522 935 omnem
1543 868 1809 936 consuetudinem

154 985 187 1044 11
215 978 277 1059 ius
308 979 394 1058 quod
423 975 556 1044 hubarii
582 975 728 1043 eiusdem
756 974 833 1044 villa
863 977 1014 1043 solebant
1041 974 1105 1042 sibi
1128 975 1294 1042 arbitrari.
1341 976 1382 1041 In
1405 975 1627 1042 testimonium
1651 982 1685 1043 at
1708 978 1809 1043 robur

154 1085 240 1150 (11111
264 1082 454 1150 donacionis
477 1089 511 1150 11
533 1081 712 1167 legacionis
736 1085 779 1149 ad
803 1082 998 1164 peticionem
1021 1081 1183 1148 dictorum
1199 1082 1471 1148 commendatoris
1488 1088 1522 1148 11
1536 1080 1679 1149 fratrum
1695 1085 1808 1150 domus

153 1190 355 1257 Theutonice
379 1196 557 1256 memorate
578 1192 663 1257 hanc
679 1191 820 1256 catulam
835 1189 942 1273 sigillo
958 1195 1071 1255 nostro
1088 1186 1224 1255 fecimus
1240 1187 1399 1255 roborari.
1447 1189 1569 1255 Datum
1586 1209 1671 1256 anno
1688 1188 1810 1256 domini

152 1297 323 1364 millesimo
346 1295 579 1379 tricentesimo,
604 1296 638 1363 in
662 1296 807 1364 crastino
830 1296 964 1380 Agathe
986 1293 1135 1379 virginis.

366 1435 510 1502 Abscbrilt
526 1437 564 1490 im
582 1436 1072 1492 Deutocbordena-Dolcumentenbucb
1090 1436 1204 1503 fi219v.
1241 1437 1280 1494 st.
1295 1439 1329 1492 A.
1342 1438 1488 1510 8111119111.
1509 1470 1543 1478 -
1567 1439 1626 1496 Vos
1644 1439 1807 1496 Notboaiua.

152 1733 243 1809 753.
266 1742 460 1807 Schultbeiss
483 1741 549 1805 und
571 1741 718 1822 Schdffen
740 1761 799 1805 oon
822 1739 857 1804 F
855 1741 1008 1822 renisuri
1031 1740 1241 1821 beurtnnden,
1265 1743 1343 1807 dass
1358 1741 1520 1826 Sicqfricd
1543 1764 1602 1808 oon
1617 1743 1807 1825 Erlenbocb,

263 1848 365 1913 Vilior
386 1869 431 1913 on
452 1848 509 1912 der
531 1845 565 1910 F
564 1847 750 1928 rantfulter
764 1847 974 1928 Stiftsttrcte,
998 1848 1069 1913 dem
1083 1845 1216 1913 Kloster
1231 1847 1408 1933 Arnsbnrg.
1427 1851 1514 1928 allec,
1539 1871 1607 1916 was
1630 1872 1664 1915 er
1685 1852 1809 1935 pctbeilt

268 1955 335 2020 und
357 1955 526 2038 (1191111111
548 1957 582 2018 in
597 1953 779 2018 Dortelweil
802 1953 919 2033 bestisi,
943 1957 1000 2018 11111
1015 1954 1201 2020 Ausnohme
1224 1977 1283 2020 von
1307 1961 1328 2020 6
1343 1956 1481 2040 Morqen
1496 1955 1687 2036 Actcrlond,
1710 1979 1809 2042 gagen

267 2065 334 2127 eine
356 2083 400 2127 on
422 2062 477 2126 ibn
500 2060 744 2143 lebensldnylict
765 2061 832 2125 111111
854 2064 921 2125 cirta
943 2061 1059 2126 (11111111
1081 2082 1126 2127 on
1149 2060 1516 2145 specumentotenus
1529 2061 1714 2145 Franlefort
1729 2067 1808 2148 cwig

266 2168 538 2233 eoerdriclttende
560 2165 769 2232 Frocloreno
791 2167 963 2251 tiberpeben
986 2167 1074 2232 bobo.
1122 2173 1210 2232 1300
1232 2167 1382 2233 Februor
1404 2174 1458 2234 28.

258 2311 349 2376 Nos.
369 2362 376 2375 .
393 2310 554 2376 scultetus
578 2315 635 2375 et.
655 2361 661 2374 .
680 2308 807 2375 scabini
836 2312 877 2374 de
898 2309 1150 2390 Frankenvord
1175 2315 1289 2376 tenore
1320 2310 1521 2392 presentium
1543 2311 1808 2396 recognoscimus

150 2416 281 2499 publice
299 2414 324 2489 ll
341 2416 551 2499 profitentes,
582 2418 668 2497 quod
697 2412 838 2482 Siiridus
868 2414 978 2481 dictus
1008 2417 1048 2480 de
1078 2414 1260 2499 Erlebach,
1292 2415 1437 2485 vicarius
1469 2417 1605 2485 ecclesia
1636 2420 1809 2485 Frankan·

149 2522 333 2604 vor-densis,
357 2522 392 2588 in
415 2528 530 2589 nostra
553 2521 756 2605 prellsencia
779 2520 978 2588 constitutus
1002 2523 1042 2586 de
1065 2540 1226 2588 consensu
1250 2528 1284 2589 11
1306 2524 1394 2590 bona
1416 2524 1589 2592 voluntate
1604 2525 1807 2608 Marquardi,

149 2630 209 2696 filii
226 2683 233 2695 .
253 2682 259 2695 .
278 2629 401 2696 sororis
431 2628 575 2695 eiusdem
598 2628 720 2710 Siiridi,
741 2627 764 2704 ll
783 2635 937 2712 presente
967 2633 1001 2695 11
1031 2628 1270 2712 consenciente,
1296 2630 1404 2697 omnia
1433 2633 1520 2698 bona
1550 2651 1620 2715 sua,
1646 2652 1708 2714 que
1737 2631 1808 2714 ipse

155 2735 299 2803 Silridus
322 2735 429 2803 tenuit
452 2743 486 2802 11
509 2735 666 2819 possedit,
691 2742 725 2802 11
748 2735 853 2818 ipsum
878 2755 937 2819 pro
960 2735 1068 2802 media
1091 2741 1187 2818 parte
1212 2734 1441 2821 contingencia
1465 2741 1505 2805 de
1528 2739 1632 2822 bonis,
1657 2758 1719 2820 que
1737 2739 1809 2821 ipse

148 2841 292 2910 Siiridus
316 2849 350 2909 11
364 2843 585 2924 lilarquardus
609 2843 715 2908 adhuc
738 2841 881 2910 indivisa
904 2848 1018 2908 tenent
1042 2848 1075 2908 et
1098 2841 1270 2924 possident
1292 2843 1326 2909 in
1351 2843 1498 2910 terminis
1522 2851 1555 2911 et
1570 2845 1651 2912 villa
1665 2846 1808 2912 Durkel-

148 2949 227 3017 wila
251 2949 326 3032 sita,
352 2956 464 3031 preter
480 2968 538 3015 sex
553 2949 669 3033 iugera
685 2956 773 3015 terre
790 2947 936 3029 arabilis,
961 2969 1023 3030 que
1039 2948 1118 3015 omit
1134 2955 1168 3015 11
1184 2949 1389 3031 comparavit
1404 2970 1462 3032 pro
1480 2957 1600 3033 parata
1616 2951 1756 3034 pecunia
1773 3004 1779 3017 .
1800 3005 1806 3017 .

148 3063 247 3139 pater
277 3055 439 3122 antedicti
461 3055 654 3137 Marquardi
684 3075 767 3140 erga
790 3054 1006 3138 Reinheidim,
1030 3062 1169 3123 matrem
1194 3055 1349 3140 prelibati
1375 3055 1497 3139 Siiridi,
1523 3063 1557 3124 et
1580 3057 1704 3124 curiam
1726 3057 1808 3140 ipsis

148 3163 246 3230 bonis
270 3162 477 3244 attinentem,
502 3161 600 3228 sitam
622 3161 656 3228 in
681 3161 771 3228 dicta
793 3159 874 3227 villa
896 3161 1112 3245 Durkelwila,
1137 3181 1235 3243 quam
1256 3161 1327 3244 ipse
1348 3161 1489 3230 Silridus
1512 3165 1723 3246 Marquardo,
1749 3183 1807 3230 suo

148 3268 394 3353 consanguineo
418 3268 576 3351 predicto,
602 3267 692 3334 dedit
708 3273 742 3334 11
758 3267 940 3349 deputavit,
960 3321 966 3333 .
986 3321 992 3333 .
1011 3268 1126 3335 abbati
1149 3274 1206 3335 et.
1227 3321 1232 3334 .
1251 3269 1428 3336 conventui
1448 3270 1640 3337 monasterii
1653 3269 1688 3336 in
1704 3271 1808 3337 Arus-

147 3378 246 3460 burg,
271 3374 395 3441 ordinis
418 3373 670 3459 cysterciensis
694 3374 820 3458 legavit
851 3381 885 3440 et
913 3373 1176 3442 irrevocabiliter
1206 3375 1343 3443 donavit
1373 3376 1476 3442 modis
1507 3383 1540 3443 11
1564 3375 1807 3443 condicionibus

146 3479 384 3564 infrascriptis
414 3481 464 3547 ita
494 3483 579 3562 quod
609 3479 747 3565 singulis
774 3480 879 3563 annis,
913 3481 1066 3563 quamdiu
1092 3480 1163 3564 ipse
1189 3479 1330 3548 Siiridus
1357 3481 1488 3565 vixerit,
1520 3485 1646 3550 dabunt
1672 3489 1706 3550 et
1732 3503 1808 3564 pre-

147 3591 331 3655 sentabant
365 3588 471 3654 eidem
504 3586 538 3653 in
569 3606 694 3654 omnem
724 3594 878 3654 eventum
907 3588 1149 3656 Frankonvord
1178 3585 1268 3655 inira
1298 3591 1361 3655 duo
1392 3587 1480 3656 festa
1510 3588 1743 3671 assumptionis
1774 3596 1808 3656 et

147 3694 339 3762 nativitatis
369 3700 484 3761 sancte
507 3693 612 3760 Maria
642 3693 781 3778 virginis
810 3697 853 3760 ad
877 3697 1005 3761 domum
1029 3714 1264 3777 quamcumque
1288 3695 1498 3779 deputaverit
1521 3703 1662 3778 quatuor
1685 3695 1807 3762 octalia

147 3800 256 3868 tritici
276 3808 312 3867 et
333 3800 453 3886 viginti
476 3804 539 3867 duo
556 3799 677 3867 octalia
695 3799 836 3884 siliginis
852 3820 1003 3867 mensure
1018 3801 1350 3870 Frankenvordensis
1366 3802 1434 3869 suis
1451 3803 1614 3885 periculis
1638 3801 1806 3868 laboribus
1864 3873 1866 3876 ,

147 3915 182 3974 11
206 3907 377 3990 exponsis;
405 3913 481 3990 post
502 3906 606 3989 ipsius
629 3926 708 3974 vero
735 3904 849 3973 Siiridi
873 3907 996 3974 obitum
1019 3906 1144 3991 prelati
1166 3910 1270 3975 abbas
1294 3916 1372 3975 et².
1393 3961 1398 3974 .
1417 3916 1598 3976 conventus
1622 3912 1661 3974 de
1685 3907 1807 3974 eisdem

146 4014 245 4082 bonis
267 4015 374 4097 ipsum
398 4013 672 4098 contingendam
696 4022 855 4097 perpetuo
880 4013 1018 4098 singulis
1041 4014 1137 4081 annis
1161 4021 1234 4081 octo
1260 4015 1381 4081 octalia
1405 4015 1543 4100 siliginis
1566 4035 1717 4082 mensura
1733 4035 1807 4097 pre-

147 4121 238 4187 dicte
269 4123 312 4186 ad
342 4119 464 4187 altaria
493 4119 559 4186 sita
580 4119 615 4185 in
639 4119 814 4201 parrochia
836 4121 1150 4188 Frankenvordansi
1173 4128 1207 4188 11
1230 4120 1431 4206 cymitherio,
1456 4121 1610 4189 videlicet
1633 4125 1676 4188 ad
1700 4123 1806 4188 altaro

147 4229 248 4294 beate
275 4227 380 4294 Maria
411 4225 559 4312 virginis,
591 4232 706 4293 sancte
735 4227 927 4310 Katherine,
959 4227 1067 4294 sancti
1089 4229 1113 4296 J
1115 4229 1253 4296 ohannis
1284 4228 1506 4311 ewangelista,
1538 4229 1647 4296 sancti
1676 4231 1699 4296 J
1701 4229 1804 4310 acobi,

144 4341 266 4401 sancte
289 4333 395 4400 Marie
418 4334 624 4418 Magdalene,
650 4339 839 4400 sanctorum
861 4333 953 4400 Petri
983 4341 1017 4401 et
1038 4335 1134 4401 Pauli
1164 4334 1396 4418 apostolorum,
1422 4335 1530 4402 sancti
1561 4335 1743 4420 Mychaelis
1773 4341 1807 4402 et

144 4445 189 4508 ad
215 4441 368 4523 superius
391 4441 498 4508 altare
520 4440 555 4507 in
577 4441 651 4523 ipsa
674 4439 802 4524 capella
825 4440 933 4507 sancti
956 4441 1138 4525 Mychaelis
1161 4461 1260 4524 snper
1284 4461 1361 4508 ossa
1383 4448 1585 4508 mortuorum
1608 4442 1804 4524 edificatum,

145 4551 189 4614 ad
221 4547 390 4629 quodlibet
421 4549 528 4614 altare
557 4566 656 4612 unum
680 4547 786 4613 octale
810 4546 959 4632 siliginis,
985 4549 1112 4614 dabunt
1135 4554 1169 4614 et
1192 4550 1431 4630 presentabant
1454 4550 1695 4616 Frankenvord
1717 4546 1807 4614 inira

145 4653 344 4738 supradicta
373 4657 437 4721 duo
467 4651 556 4720 festa
585 4653 653 4720 suis
682 4653 851 4721 laboribus
881 4661 915 4720 et
944 4654 1097 4737 expensis
1119 4707 1126 4720 .
1146 4706 1151 4720 .
1175 4654 1355 4722 camerario
1377 4655 1546 4721 ..decani
1568 4661 1601 4721 11
1619 4707 1625 4720 .
1645 4706 1651 4719 .
1669 4653 1807 4736 capituli

145 4761 288 4828 ecclesie
310 4759 652 4843 Frankenvordensis,
677 4758 733 4841 qui
761 4780 821 4842 pro
852 4767 998 4843 tempore
1028 4759 1140 4844 luerit,
1165 4767 1202 4828 ut
1231 4761 1326 4844 ipse.
1347 4815 1352 4826 .
1371 4760 1571 4828 camerarius
1595 4763 1708 4828 eadem
1731 4767 1805 4827 octo

146 4867 273 4935 actalia
302 4866 442 4952 siliginis
471 4873 641 4951 presentet
670 4873 705 4933 11
734 4867 901 4934 ministret
931 4866 1068 4952 siugulis
1099 4867 1194 4935 annis
1225 4868 1485 4936 deservientibus
1509 4888 1568 4952 pro
1592 4874 1739 4950 ternpore
1763 4870 1806 4934 ad

144 4974 272 5042 altaria
295 4975 474 5041 antedicta.
520 4974 567 5040 nt
590 4974 744 5056 quicquid
767 4977 807 5041 de
823 4972 1023 5055 supradictis
1039 4974 1133 5041 bonis
1148 4973 1238 5041 ultra
1254 4975 1446 5058 supradicta
1461 4983 1535 5042 octo
1552 4973 1674 5041 octalia
1690 4978 1806 5041 cedere

144 5081 274 5165 poterit
296 5081 392 5148 annis
415 5081 563 5166 singulis
587 5080 770 5148 ministrari
793 5082 891 5147 debat
908 5133 914 5146 .
934 5133 940 5145 .
959 5081 1073 5147 abbati
1096 5087 1130 5147 et
1149 5133 1155 5146 .
1175 5135 1181 5146 .
1200 5081 1376 5149 conventui
1400 5081 1556 5163 predictis
1579 5081 1612 5146 in
1631 5083 1807 5165 Arnsbnrg

144 5209 209 5272 pro
245 5188 473 5254 consolacione
507 5188 579 5255 sive
615 5187 772 5271 pytancia
800 5187 835 5254 in
866 5187 1092 5255 anniversario
1124 5187 1239 5255 Silridi
1268 5188 1448 5255 memorati.
1502 5187 1675 5255 Predictus
1706 5187 1806 5254 etiam

145 5294 293 5363 Sifridus
315 5294 350 5361 in
373 5300 488 5361 nostra
511 5294 683 5378 presencia
707 5295 906 5361 constitutus
930 5295 1124 5378 supradicta
1146 5297 1233 5362 bona
1256 5302 1291 5361 et
1315 5314 1407 5361 omne
1430 5294 1491 5377 ius,
1517 5297 1602 5376 quod
1624 5295 1660 5361 iu
1683 5293 1805 5361 eisdem

142 5401 267 5470 babuit
296 5408 330 5468 11
359 5403 470 5484 babet,
501 5400 698 5485 prefatis..
721 5401 836 5468 abbati
864 5407 898 5468 11
916 5455 922 5467 .
942 5454 948 5466 .
967 5401 1144 5468 conventui
1172 5401 1207 5468 in
1229 5401 1405 5486 Arnsburg
1433 5401 1617 5486 resignavit
1647 5409 1805 5484 perpetuo

143 5507 348 5594 possidenda
378 5508 483 5576 modis
513 5515 548 5576 11
574 5506 818 5576 condicionibus
842 5507 1051 5591 supradictis.
1097 5508 1273 5574 Adiectum
1297 5514 1348 5574 est
1370 5507 1513 5590 insuper,
1539 5511 1635 5590 quod,
1659 5510 1806 5589 quando-

144 5635 278 5698 cunque
294 5615 457 5699 placuerit
473 5615 658 5698 prenotatis
675 5668 682 5682 .
701 5667 708 5680 .
726 5615 841 5682 abbati
857 5622 891 5682 et
908 5668 914 5680 .
934 5668 941 5680 .
959 5614 1145 5696 conventui,
1170 5614 1363 5697 supradicta
1379 5616 1465 5680 bona
1481 5613 1630 5682 divident
1645 5615 1806 5696 aqualiter

416 5814 442 5864 a)
455 5809 676 5865 mpnitmspuntte
690 5821 731 5852 am
744 5808 832 5853 Raude
844 5809 1031 5862 mcbpetraoen.

199 5927 369 5972 Bnfflnrtar
380 5927 580 5973 urkundenbuch
593 5927 611 5972 l.
1646 5917 1681 5972 48
