4400 6384
370 300 434 365 138
1096 294 1165 349 reon
1184 293 1240 348 nai
1261 295 1302 348 19.

477 492 676 558 Wernherus
706 490 760 556 dei
791 490 905 575 gracie
935 496 1049 556 sancte
1074 489 1268 573 llagnntine
1293 489 1381 555 sedis
1405 490 1681 573 archiepiscopus,
1706 490 1796 556 sacri
1818 490 1948 573 imperii
1971 511 2031 573 per

368 597 579 666 Germaniam
611 596 931 677 archicancellarius
966 596 1094 662 dilectis
1128 596 1161 662 in
1186 595 1316 661 Christo
1348 648 1354 660 .
1383 649 1388 660 .
1419 598 1544 663 decano
1577 603 1610 663 et
1643 596 1788 679 capitulo
1821 596 1959 663 ecclesie
1989 600 2030 663 de

368 702 634 783 Frankcnllfort,
667 704 806 769 salutem
835 702 869 768 in
900 700 1038 769 domiuo.
1087 702 1237 768 Dilectus
1264 701 1298 768 in
1322 702 1453 768 Christo
1478 702 1700 768 Theodericus
1723 705 1868 769 decanus
1891 704 2029 769 ecclesie

367 810 458 876 beati
473 809 609 877 Martini
631 810 665 875 in
681 809 821 893 Pinguia
844 808 962 875 missus
986 830 1006 875 a
1030 809 1134 889 noble,
1160 809 1253 874 utin
1277 816 1391 875 vestra
1414 809 1554 875 eeclesia
1578 812 1617 876 de
1642 810 1736 875 vobis
1760 815 1794 875 et
1811 810 1885 875 aliis
1901 809 2030 875 clericis

367 920 407 983 de
426 916 450 991 ll
468 915 694 983 Frankenlort
724 916 795 983 vice
827 921 942 982 nostra
973 914 1178 982 visitacionis
1203 914 1341 981 officium
1365 923 1544 997 exerceret,
1571 935 1670 998 super
1693 917 1834 997 quadam
1857 916 2029 997 questione

367 1030 484 1089 exorta
507 1023 593 1090 inter
616 1042 676 1089 vos
700 1042 740 1089 ex
764 1029 860 1103 parte
882 1042 957 1102 una,
983 1029 1016 1087 et
1032 1022 1211 1104 Erpertum
1229 1022 1403 1103 plebanum
1419 1028 1567 1088 vestrum
1582 1042 1622 1088 ex
1639 1022 1756 1103 altera,
1782 1042 1881 1104 super
1896 1022 2030 1103 quibus·

367 1133 441 1195 dam
456 1129 480 1203 ll
494 1129 621 1195 iuribus
643 1137 677 1195 et
693 1128 985 1195 consuetudinibus
1000 1128 1140 1195 invicem
1157 1128 1372 1194 observandis
1388 1128 1630 1194 ordinacionem
1647 1130 1810 1210 quandam
1827 1129 2029 1195 auctoritate

367 1243 483 1303 nostra
507 1236 680 1303 constituit
703 1236 737 1301 in
759 1237 820 1301 hec
844 1238 963 1303 verba:
990 1236 1038 1299 Es
1060 1237 1144 1320 solpt
1165 1236 1240 1301 Url.
1259 1236 1320 1300 No.
1337 1242 1412 1300 275.

474 1346 541 1409 Nos
564 1343 668 1427 igitur
692 1342 931 1409 ordinationem
954 1342 1139 1409 huiusmodi
1161 1349 1269 1407 ratam
1293 1349 1327 1407 et
1350 1349 1482 1425 gratem
1499 1344 1659 1409 habentes
1676 1362 1746 1409 eam
1764 1350 1878 1409 tenore
1895 1362 2030 1424 presen-

367 1450 450 1515 cium
480 1449 666 1515 litterarum
696 1449 729 1514 in
760 1448 888 1514 nomine
920 1448 1041 1515 domini
1071 1450 1309 1515 confirmamus.
1357 1448 1446 1514 Nulli
1476 1469 1554 1533 ergo
1585 1449 1715 1516 omnino
1742 1449 1907 1516 hominum
1929 1449 2030 1515 liceat

366 1556 452 1622 hunc
475 1556 630 1640 paginam
654 1562 765 1621 nostre
790 1554 1050 1621 confirmacionis
1073 1552 1256 1638 infringere
1280 1554 1333 1621 vel
1356 1555 1387 1620 ei
1406 1575 1489 1621 ausu
1505 1556 1681 1623 temerario
1699 1556 1873 1622 contraire.
1919 1556 2029 1637 Siquis

367 1669 477 1729 autem
506 1663 567 1727 hoc
592 1668 791 1744 attemptare
816 1661 1063 1743 presumpserit,
1090 1660 1353 1745 indignacionem
1376 1662 1609 1744 omnipotentis
1633 1662 1695 1743 dei,
1720 1662 1811 1729 beati
1834 1662 1973 1728 llartini
1998 1670 2030 1728 et

254 1838 257 1843 ,
366 1776 514 1836 nostram
538 1790 573 1835 se
597 1768 725 1836 noverit
748 1768 936 1835 incurrisse.
969 1769 1091 1833 Datum
1116 1770 1202 1850 apud
1220 1768 1352 1849 Lacum,
1379 1788 1464 1834 anno
1489 1768 1610 1835 domini
1630 1789 1672 1835 m.
1690 1790 1736 1835 cc.
1755 1769 1908 1849 lxvssl,
1925 1770 1960 1835 in
1977 1769 2029 1835 die

367 1876 458 1941 beati
481 1876 651 1941 Pancratii
673 1875 829 1941 martiris.

583 2018 628 2071 Or.
642 2016 729 2086 Ppmt.
767 2018 941 2085 Anlcdnpend
959 2018 1010 2071 dac
1028 2016 1276 2087 lelcbtbcscbddc'qle
1296 2016 1383 2086 Sicpel
1401 2016 1448 2069 dcc
1466 2018 1653 2081 Ersbtbclvcfs.

582 2106 621 2161 St.
636 2108 669 2161 A.
685 2106 736 2161 Fr.
753 2106 851 2161 Barth.
866 2106 904 2159 Se.
922 2107 972 2159 No.
987 2110 1047 2159 399.

581 2196 679 2249 Gedn:
694 2194 872 2263 Wdrdtwein,
892 2196 970 2249 Dioc.
985 2195 1069 2265 Mon,
1085 2196 1127 2261 ll,
1148 2198 1208 2261 les,
1238 2195 1280 2261 Β,
1303 2198 1356 2247 147
1374 2195 1443 2247 nack
1461 2196 1520 2248 ders
1541 2194 1587 2247 Or.
1609 2236 1614 2247 .

585 2284 677 2338 Vera:
692 2284 766 2349 Will,
787 2284 892 2337 Maiae.
908 2284 983 2352 ch,
1000 2284 1143 2338 XXXVI
1160 2285 1212 2336 No.
1226 2288 1287 2337 202.

687 2410 790 2463 Auster
815 2408 873 2461 deon
895 2408 1023 2479 Oript’nul
1048 2411 1120 2479 biryl
1145 2410 1197 2463 das
1217 2408 1397 2474 Slistscrcln'o
1416 2410 1485 2461 noclt
1503 2408 1572 2475 ἄνοι’,
1591 2408 1678 2463 durclr
1695 2414 1805 2479 spdtere
1823 2410 2030 2477 §tracquata

581 2500 755 2563 oerarrlasste,
785 2497 987 2566 u'ransmmpu.
1031 2486 1101 2551 Uber
1127 2498 1177 2551 das
1203 2499 1261 2551 circe
1280 2498 1391 2562 (Barth.
1408 2497 1445 2550 st.
1461 2497 1513 2551 No.
1530 2494 1609 2564 362⁶)
1635 2498 1686 2566 aql.
1705 2498 1757 2551 den
1773 2497 2030 2566 Urltsndencump

579 2586 610 2640 in
629 2586 682 2639 Bd.
704 2586 739 2638 ΙΙ
756 2603 790 2639 ru
812 2588 880 2639 1315
902 2587 968 2640 Non.
984 2593 1035 2653 10,
1054 2588 1106 2641 dns
1124 2588 1215 2641 cuccite
1236 2586 1563 2652 (martinummontem
1582 2586 1620 2640 ist
1640 2590 1708 2640 1355
1726 2586 1809 2641 Febr.
1823 2591 1847 2641 6.
1862 2567 1952 2655 (vill.
1966 2586 2029 2639 idus

581 2675 723 2743 lebroarii)
749 2694 800 2729 con
825 2676 884 2729 dem
912 2676 1022 2743 official
1049 2676 1097 2729 der
1124 2675 1314 2740 Francorum
1339 2674 1467 2743 Propctei
1494 2674 1672 2745 succesertiyt
1697 2676 1755 2728 und
1781 2676 1942 2745 ὸῳῐααὸίρι.
1993 2676 2031 2728 Es

581 2766 683 2818 entbdlt
702 2764 856 2819 uumcrdcm
874 2766 942 2818 noclv
961 2766 1012 2818 den
1031 2765 1242 2833 Scbiedscpmcb
1261 2764 1307 2816 <tes
1326 2764 1462 2833 Mapt'ater
1481 2764 1626 2818 Hennaea
1644 2764 2028 2833 von1269dldrz28.{tpl.

579 2860 663 2907 conten
686 2854 750 2907 Ure.
766 2854 817 2907 No.
831 2858 905 2915 290).
952 2854 1024 2906 Eine
1050 2854 1133 2906 clv-itte
1152 2854 1243 2921 Kopic
1269 2854 1305 2905 iel
1331 2853 1396 2905 oder
1421 2854 1497 2906 sollte
1523 2853 1682 2922 wertipstene
1701 2854 1788 2907 durch
1811 2854 1855 2907 die
1872 2854 2030 2921 qelstliclmn

580 2942 692 2996 Richter
711 2942 756 2995 des
769 2942 897 2995 Maincer
910 2941 1016 2997 Stublcs
1036 2943 1188 3011 beplunbipt
1209 2942 1321 2995 werden.
1355 2942 1466 3006 (Barth.
1481 2942 1519 2995 St.
1534 2943 1586 2995 No.
1599 2947 1659 3006 432,
1679 2942 1815 3010 nudatam,
1835 2949 1917 2996 meles
1928 2942 2030 2996 Viertel

580 3030 627 3084 cles
646 3036 688 3085 14.
702 3031 799 3084 Jnlorlr.
816 3034 835 3095 .)

367 3488 459 3565 282.
484 3500 676 3563 Senectutem
705 3498 853 3575 Kournrl,
884 3500 934 3561 dn
967 3499 1076 3566 Bellen.
1106 3498 1261 3578 Sclulffen,
1291 3498 1378 3561 narn
1407 3499 1472 3561 terni
1497 3498 1627 3581 Bilryer
1657 3520 1715 3562 con
1748 3497 1931 3579 Fronlfrnl
1963 3522 2029 3561 rcr-

482 3607 632 3686 sprccben
650 3606 754 3685 jedeon
787 3607 871 3669 ihrer·
896 3606 1078 3689 Milbic'ryer
1101 3605 1275 3687 clusjcnigre,
1302 3626 1368 3669 roas
1392 3627 1425 3667 er
1448 3605 1513 3685 crof
1534 3606 1623 3668 ihren
1645 3604 1871 3689 Krdepszie‘yen
1896 3606 2029 3669 vertier.

481 3735 522 3775 eu
545 3717 689 3791 essetnec,
715 3708 797 3777 aeccle
815 3714 919 3793 jedes,
948 3714 1074 3776 menno·
1097 3712 1257 3795 yefonpen
1282 3712 1372 3787 wind,
1401 3713 1483 3775 ccclv
1506 3712 1683 3795 Musspabe
1706 3716 1807 3775 sesnes
1836 3712 2030 3795 Vermoyerm

482 3821 680 3884 ausculilsen.
731 3826 817 3883 126&
841 3820 915 3885 Mat
943 3826 995 3883 lo.

473 3963 541 4027 Nos
572 3963 742 4027 Conradus
774 3962 944 4041 scultetus,
976 3960 1106 4037 milites,
1139 3960 1275 4041 scabini,
1308 3960 1459 4025 consules
1491 3968 1524 4026 et
1556 3960 1703 4027 universi
1733 3960 1823 4027 ciues
1854 3962 2030 4027 Franken-

370 4071 556 4148 vardenscs,
588 4068 648 4133 lroc
680 4068 803 4149 scripto
833 4067 977 4140 nolltum
1008 4088 1079 4133 esse
1112 4068 1260 4148 cupimus
1291 4067 1464 4146 universis,
1501 4070 1585 4148 quenl
1618 4070 1657 4133 de
1688 4067 1850 4133 communi
1881 4068 2027 4136 consilio

367 4174 515 4240 unanimi
539 4176 710 4241 voluntate
736 4175 861 4257 pariter
885 4181 917 4240 et
943 4194 1104 4241 consensu
1133 4174 1309 4239 statuimus
1333 4173 1549 4256 infrascripta
1569 4177 1591 4245 ll
1610 4183 1769 4256 perpetuo
1793 4174 2031 4241 inviolabiliter

367 4283 584 4364 observanda,
610 4281 772 4363 videlicet,
799 4284 882 4363 ‹prrod
908 4280 1081 4362 unicuique
1106 4289 1219 4346 nostro
1245 4280 1372 4347 concivi
1397 4281 1514 4361 omnia,
1533 4300 1594 4362 que
1611 4281 1644 4346 in
1660 4280 1818 4346 comitatu
1835 4281 2029 4347 vexillorum

367 4396 553 4455 nostrorum
577 4388 674 4469 fideli,
694 4390 718 4461 ll
738 4388 972 4454 certaminibus
997 4396 1055 4453 aut
1072 4387 1177 4467 reisis,
1204 4389 1288 4467 ‹prrrrd
1307 4387 1404 4467 absit,
1430 4385 1585 4453 fortassis
1601 4387 1633 4453 in
1652 4396 1819 4469 posterum
1835 4388 2028 4470 perdiderit.

367 4495 512 4578 plenarie
536 4495 755 4561 refundemus.
806 4497 964 4561 Preterea
994 4514 1253 4576 unumquemque
1286 4503 1432 4560 nostrum
1457 4494 1633 4574 concivem,
1667 4494 1722 4575 qui
1745 4496 1806 4560 sub
1830 4495 1901 4577 ipso
1926 4495 2031 4561 vexil-

367 4602 468 4669 lorum
493 4612 680 4669 nostrorum
706 4603 863 4669 comitatu
887 4601 984 4682 fideli,
1011 4600 1161 4681 lortuitu,
1187 4605 1271 4683 qtrod
1297 4604 1377 4667 deus
1399 4610 1541 4683 avertat,
1568 4622 1627 4685 per
1650 4601 1773 4667 emulos
1798 4610 1854 4667 aut
1879 4602 2031 4668 inimicos

366 4716 496 4775 nostros
521 4710 711 4791 captivatus
734 4708 845 4791 luerit,
870 4730 930 4791 pro
955 4708 1094 4792 pecunia
1112 4716 1216 4788 tanto,
1243 4729 1302 4791 pro
1327 4717 1452 4790 quanta
1476 4712 1652 4775 secundum
1677 4708 1881 4775 taxationem
1904 4709 2030 4775 valoris

366 4818 523 4882 bonorum
547 4837 680 4883 suorum
705 4838 739 4883 se
764 4824 842 4882 tunc
867 4816 1026 4883 redimere
1052 4836 1148 4898 posse
1173 4816 1375 4896 pensabitur,
1402 4818 1443 4881 ab
1468 4816 1611 4881 eiusdem
1628 4815 1863 4896 captivationis
1888 4816 2031 4883 viuculis

366 4925 583 5005 absolvemus,
610 4924 869 4989 contradictione
894 4923 1041 5005 quelibet
1058 4924 1171 5005 procul
1188 4929 1286 4988 mota.
1313 4925 1342 4990 Il
1345 4932 1359 4988 t
1375 4929 1482 4988 autem
1500 4922 1684 4988 huiusmodi
1700 4930 1862 4989 statutum
1879 4931 2030 4989 nostrum

365 5030 510 5097 debitam
534 5040 568 5096 et
591 5039 785 5113 perpetuom
810 5030 958 5096 obtineat
982 5031 1181 5110 firmitatem,
1215 5030 1347 5096 sculteti
1378 5029 1484 5096 nostri
1508 5029 1648 5112 predicti
1678 5036 1855 5111 nostreque
1879 5030 2031 5096 civita-tis

367 5138 533 5205 nominate
564 5138 681 5221 sigillis
712 5140 797 5203 hanc
823 5139 976 5221 paginam
1001 5138 1154 5204 iussimus
1178 5138 1337 5203 roborari.
1385 5140 1505 5204 Actum
1530 5158 1616 5203 anno
1639 5139 1681 5202 rlr.
1703 5132 1745 5203 o'c.
1763 5131 1919 5217 le'IIl.,
1939 5136 2029 5202 XIII

366 5247 523 5311 kalendas
546 5244 636 5311 iunii.

584 5392 629 5443 Or.
644 5390 724 5457 Ppmt
772 5390 946 5457 Anlrdnpencl
967 5393 993 5451 1)
1010 5388 1097 5457 Sicqel
1116 5389 1162 5440 des
1174 5388 1370 5443 Schnltlreissen
1391 5388 1519 5457 Konrud,
1539 5395 1622 5443 electra·
1641 5387 1803 5460 bectonem,
1822 5388 1850 5444 2)
1865 5385 2033 5455 Stodlcieqcl

632 5482 683 5547 (β),
703 5478 867 5545 bcscltc't'dipl.

578 5566 616 5620 St.
632 5569 665 5622 A.
682 5568 731 5620 Fr.
751 5568 816 5637 Upb.
832 5570 865 5619 A.
879 5571 921 5619 82.
948 5568 1001 5620 Nu
1015 5572 1058 5620 23.

587 5656 674 5709 Vera:
695 5656 745 5709 Fr.
762 5658 830 5721 Icto,
844 5656 906 5723 ΙΙΙ,
924 5659 950 5709 2.

579 5744 906 5811 Gedr.:Lcrener,11a,
927 5748 987 5811 302,
1023 5748 1064 5807 B,
1086 5750 1146 5812 147,
1167 5747 1241 5799 beide
1262 5748 1330 5799 ncclt
1348 5747 1408 5799 dem
1430 5746 1476 5799 Or.
1498 5788 1502 5798 .
