4400 6384
409 283 474 346 348
1108 283 1178 336 1296
1196 283 1303 337 Januar
1320 284 1363 337 24.

409 477 599 560 corporibus
624 496 790 559 agnorum.
828 477 927 543 cuius
950 477 1116 560 pensionis
1139 478 1222 544 idem
1243 478 1431 544 Fridericus
1453 479 1487 544 in
1504 479 1590 547 festo
1605 481 1697 547 beati
1712 481 1905 547 Michabelis
1920 481 2044 547 median

408 591 536 667 partem
560 583 649 649 etin
673 581 759 648 festo
782 586 880 649 beate
896 584 1086 668 Walpurgis
1110 584 1248 650 mediam
1273 592 1400 667 partem
1425 587 1679 653 commendatori
1703 594 1736 653 et
1759 584 1920 653 iratribus
1945 590 2043 654 domus

408 690 608 756 Theutonice
638 689 672 755 in
699 690 924 756 Sassenhusen
954 691 1022 757 suis
1050 691 1219 757 laboribus
1250 698 1284 757 et
1313 691 1465 774 expensis
1496 692 1566 758 sine
1593 693 1736 775 periculo
1760 691 1901 759 fratrum
1925 714 2043 775 presen-

407 798 502 863 tabit.
549 798 595 862 Et
630 797 658 862 si
691 796 910 863 molendinum
945 800 1060 863 subtus
1096 818 1215 878 aquam
1247 797 1301 864 vel
1334 817 1433 879 super
1468 818 1586 879 aquam
1618 796 1782 864 defectum
1814 799 1956 880 aliquem
1989 801 2043 867 sive

406 903 533 969 ruinam
563 909 744 985 pateretur,
776 903 965 969 Fridericus
996 905 1163 985 predictus
1194 903 1262 969 suis
1292 904 1427 970 edificiis
1458 911 1492 970 et
1516 904 1668 987 expensis
1691 906 1904 970 restaurabit.
1953 908 2042 991 Quam

405 1010 679 1076 restaurationem
703 1009 821 1075 edificii
845 1016 995 1075 neutrum
1007 1011 1045 1096 (1)
1062 1031 1173 1076 eorum
1197 1018 1272 1092 post
1296 1014 1465 1077 decessum
1495 1011 1632 1077 alterius
1660 1031 1865 1092 nequaquam
1895 1033 1916 1077 a
1943 1010 2044 1078 iratri-

404 1119 466 1182 bus
489 1122 639 1198 repetere
664 1123 841 1197 presumat.
874 1116 1016 1182 Etiamsi
1040 1116 1229 1182 Fridericus
1253 1117 1439 1182 antedictus
1463 1124 1496 1183 et
1521 1137 1603 1183 uxor
1626 1118 1695 1184 eius
1719 1118 1809 1183 Luce
1832 1120 1919 1184 bona
1942 1127 2043 1185 nostra

405 1223 574 1289 antedicta
604 1242 675 1288 cum
706 1222 888 1288 molendino
919 1223 1088 1306 resignare
1119 1226 1346 1303 decreverunt,
1377 1243 1540 1305 expensas
1571 1243 1630 1306 pro
1660 1224 1786 1290 edificio
1815 1225 1850 1289 in
1873 1224 2042 1290 molendino

404 1329 514 1396 iactas
544 1348 750 1410 nequaquam
780 1335 929 1410 repetere
960 1331 1216 1411 attemptabunt,
1250 1349 1310 1395 nec
1340 1328 1463 1395 fratres
1494 1350 1552 1396 eas
1576 1332 1704 1396 solvere
1730 1337 1894 1396 tenentur.
1935 1333 2042 1396 Verum

404 1437 517 1518 eciam,
549 1433 577 1502 si
600 1435 652 1503 vir
674 1455 808 1501 uxorem
831 1436 884 1503 vel
913 1454 996 1500 uxor
1019 1435 1124 1500 virum
1155 1435 1385 1516 supervixerit,
1417 1437 1523 1501 adhuc
1546 1436 1672 1516 vivens
1701 1435 1771 1501 sive
1794 1437 1846 1502 vir
1869 1436 1940 1503 sive
1963 1457 2041 1516 uxor,

402 1546 491 1609 bona
514 1549 629 1608 nostra
659 1541 808 1624 predicta
832 1561 904 1606 cum
927 1541 1109 1606 molendino
1133 1559 1235 1622 usque
1260 1545 1301 1606 ad
1325 1541 1448 1607 obitum
1471 1541 1584 1624 ipsius,
1617 1542 1644 1607 si
1668 1541 1838 1623 placuerit,
1864 1542 2040 1624 possidebit.

403 1650 449 1714 Et
473 1669 532 1732 ego
557 1648 745 1714 Fridericus
770 1656 804 1714 et
826 1667 908 1713 uxor
931 1667 1003 1713 mea
1027 1647 1117 1712 Luce
1142 1649 1202 1712 sub
1227 1656 1340 1714 tenore
1363 1647 1549 1714 litterarum
1572 1647 1804 1730 premissorum
1828 1649 1959 1728 publice
1981 1669 2042 1731 pro

402 1756 540 1836 litamur,
567 1758 652 1836 quod
671 1774 729 1820 nos
747 1754 853 1820 animo
875 1754 1066 1836 deliberato,
1085 1755 1225 1820 salutem
1241 1753 1423 1820 animarum
1439 1760 1626 1820 nostrarum
1643 1757 1863 1835 attendentes
1889 1755 2041 1820 dimidium

402 1881 550 1928 mansum
567 1864 728 1942 quondam
744 1860 882 1926 Helwici
899 1860 1059 1927 iratribus
1076 1863 1189 1926 domus
1204 1859 1405 1925 Theutonice
1421 1860 1455 1925 in
1473 1860 1699 1927 Sassenhusen
1715 1864 1803 1943 apud
1819 1862 2042 1927 Frankenvort

403 1967 597 2034 contulimus
622 1971 664 2032 ad
687 1966 882 2049 pittanciam
905 1966 1049 2049 ipsorum
1073 1970 1349 2050 augmentandam
1372 1966 1405 2032 in
1428 1968 1517 2032 hunc
1539 1970 1678 2046 modurn,
1710 1971 1794 2048 quod
1819 1967 1847 2032 si
1871 1967 2042 2048 quempiam

401 2081 549 2139 nostrum
568 2074 656 2142 viam
672 2074 824 2139 universe
842 2073 950 2140 carnis
974 2073 1103 2156 ingredi
1119 2073 1267 2156 contigit,
1291 2071 1416 2139 iratres
1431 2073 1572 2154 predicti
1587 2073 1726 2140 mediam
1742 2080 1871 2155 partem
1887 2071 2041 2138 fructuum

401 2180 525 2246 dimidii
554 2179 659 2246 mansi
689 2179 852 2262 prehabiti
882 2178 1076 2262 percipient,
1108 2179 1267 2260 reliquam
1296 2199 1375 2246 vero
1408 2186 1535 2260 partem
1565 2179 1635 2246 sive
1659 2179 1710 2246 vir
1740 2179 1810 2246 sive
1842 2198 1925 2245 uxor
1949 2180 2041 2245 adhuc

401 2286 515 2352 vivens
539 2307 611 2351 cum
634 2306 747 2351 manso
771 2305 872 2366 usque
897 2288 939 2351 ad
964 2286 1086 2352 obitum
1109 2285 1213 2368 ipsius
1237 2285 1395 2368 percipiet
1419 2292 1454 2351 et
1476 2285 1666 2367 possidebit.
1706 2286 1799 2351 Tunc
1822 2305 1901 2352 vero
1922 2304 2040 2351 mansus

401 2392 551 2457 dimidius
582 2392 773 2474 prehabitus
801 2412 873 2457 cum
895 2389 1058 2458 fructibus
1081 2392 1290 2476 integraliter
1313 2395 1356 2458 ad
1380 2391 1502 2457 iratres
1526 2391 1692 2472 predictos
1715 2395 1829 2458 domus
1852 2391 2040 2458 Tbeutonice

399 2498 433 2562 in
452 2499 677 2564 Sassenbusen
707 2504 739 2563 et
768 2497 802 2564 in
830 2498 1023 2579 pittanciam
1046 2498 1191 2580 ipsorum
1215 2498 1284 2564 sine
1308 2497 1453 2578 qualibet
1477 2497 1736 2564 contradictione
1758 2498 1862 2564 libere
1886 2496 2038 2564 transibit.

399 2604 446 2668 Et
468 2610 504 2668 ut
530 2603 690 2684 premissa
712 2603 879 2668 firmitatis
902 2606 1002 2670 robur
1026 2604 1197 2670 obtineant
1221 2612 1254 2669 et
1277 2604 1344 2670 ista
1366 2604 1460 2669 firma
1483 2611 1708 2685 permaneant,
1732 2605 1794 2670 has
1817 2604 1949 2670 litteras
1965 2623 2040 2668 corn-

400 2709 600 2774 mendatoris
624 2712 737 2775 domus
754 2709 954 2775 Tbeutonice
977 2709 1011 2774 in
1028 2711 1253 2776 Sassenbusen
1271 2709 1370 2793 sigilli
1384 2709 1559 2775 munimine
1575 2710 1716 2791 petimus
1731 2710 1891 2776 roborari.
1932 2711 1972 2775 Et
1987 2728 2038 2774 nos

399 2813 505 2880 irater
528 2816 724 2881 Ansbelmus
748 2819 990 2882 commendator
1006 2816 1171 2898 sepedicto
1188 2820 1301 2882 domus
1319 2823 1488 2897 presentes
1502 2816 1634 2881 litteras
1650 2836 1721 2881 cum
1738 2817 1938 2898 appensione
1952 2815 2040 2898 sigilli

398 2921 504 2986 nostri
528 2924 642 2988 damus
665 2924 848 2988 roboratas
881 2924 1000 2987 Actum
1017 2930 1050 2988 et
1067 2925 1180 2989 datum
1196 2942 1281 2988 anno
1298 2922 1418 2988 domini
1433 2924 1474 2987 rir.
1492 2917 1534 2988 dc.
1551 2922 1762 3006 nonagesimo
1779 2930 1884 3004 sexto,
1909 2924 2037 2988 secundo

397 3046 502 3092 nonas
526 3027 715 3108 decembris,
740 3028 774 3092 in
798 3028 850 3093 die
874 3028 974 3094 Lucia
998 3028 1145 3112 virginis.

612 3169 658 3224 Or.
672 3169 760 3238 qut.
798 3170 839 3222 Es
864 3171 949 3238 bdnpt
968 3171 1041 3224 nicht
1060 3171 1112 3224 dua
1130 3169 1331 3239 onpeldadiqte
1348 3169 1436 3240 Sieqel
1457 3171 1503 3224 dea
1521 3171 1679 3236 Komtbura,
1705 3172 1826 3225 sonam
1844 3171 1980 3239 dusjem'pe
1997 3169 2038 3221 des

663 3259 769 3312 Ritterc
784 3259 908 3312 Witlrelm
926 3276 978 3313 voa
991 3259 1117 3329 Dieburp
1135 3277 1180 3312 aa.
1200 3259 1346 3326 Mainalion,
1360 3259 1559 3314 Reiclrsarcttv.
1579 3289 1613 3300 -
1634 3260 1791 3324 Grotefend.
1824 3260 1977 3314 DieDoten
1994 3257 2039 3310 der

667 3347 797 3401 Urlcvade
814 3348 878 3402 sind
902 3349 976 3401 nicht
995 3349 1045 3401 urit
1064 3349 1197 3402 einander
1214 3365 1257 3426 *zu
1275 3348 1436 3417 vereiaipen.

608 3436 738 3505 Amana.-
758 3435 872 3500 Steiner,
892 3437 1034 3504 aaaron,
1054 3436 1116 3502 111,
1137 3440 1242 3491 176114
1255 3437 1319 3490 Dec.
1332 3440 1357 3489 4.

614 3524 708 3580 Vera:
725 3525 830 3590 Scriba,
850 3524 876 3593 1,
895 3527 948 3579 No.
970 3529 1029 3578 682.

332 3799 337 3808 ยน
396 3758 487 3834 704.
510 3767 712 3844 Sclucltlt-eiss,
731 3767 885 3847 Srltdffoa,
903 3766 990 3830 Rutu
1007 3767 1072 3830 rum
1088 3766 1219 3850 Bit'rper
1237 3789 1295 3830 ron
1308 3766 1493 3848 Fronlfurt
1508 3767 1708 3832 brrtrkuruiert
1721 3768 1772 3832 die
1785 3765 1957 3832 Freilroiiea
1974 3763 2036 3828 tend

510 3874 632 3950 treola,
657 3874 752 3937 devea
775 3877 820 3938 sie
843 3874 910 3938 siclo
934 3877 968 3936 ia
990 3875 1076 3937 ihrer
1099 3875 1191 3938 aaut
1213 3896 1273 3938 eon
1288 3875 1396 3938 Alte-rs
1418 3875 1474 3938 lter
1497 3875 1652 3938 dedicarat.
1693 3879 1784 3938 1297
1799 3874 1926 3939 Jonaur
1941 3877 1993 3935 24.

500 4023 660 4090 Noverint
685 4023 831 4090 universi
856 4023 1059 4105 presencium
1086 4023 1300 4106 inspectores
1326 4027 1412 4105 quod
1439 4043 1499 4089 nos
1527 4022 1696 4105 scultetus,
1728 4023 1865 4104 scabini,
1895 4020 2035 4087 consules

395 4129 559 4210 ceterique
584 4129 672 4196 cives
703 4133 741 4195 de
765 4128 983 4196 Frankiniort
1015 4129 1225 4196 libertatibus
1256 4136 1289 4195 et
1318 4130 1444 4195 iuribus
1468 4127 1691 4211 infrascriptis
1714 4129 1748 4194 in
1771 4137 1885 4194 nostra
1906 4125 2035 4192 civitate

393 4235 515 4301 utimur
538 4238 579 4300 ab
604 4235 737 4316 antiquo
763 4242 796 4302 et
820 4237 1046 4302 consuevimus
1071 4237 1249 4302 observare
1274 4256 1312 4300 ae
1337 4238 1564 4302 observamus:

502 4359 534 4444 1)
559 4357 686 4424 Primus
711 4357 869 4424 articulus
893 4366 944 4424 est
968 4359 1054 4440 talis,
1080 4362 1165 4440 quod
1189 4359 1297 4424 nullus
1321 4367 1437 4426 contra
1453 4379 1512 4424 nos
1529 4365 1637 4441 potest
1662 4357 1774 4425 iacere
1800 4359 1923 4440 aliquod
1944 4352 2035 4420 testi-

392 4465 533 4529 monium
549 4466 601 4530 vel
618 4472 734 4530 contra
750 4485 809 4530 nos
826 4467 966 4547 probare
983 4465 1124 4530 testibus
1141 4463 1395 4547 quibuscunque,
1417 4467 1502 4547 quod
1518 4464 1563 4530 sit
1577 4463 1611 4528 in
1629 4463 1842 4546 preiudicium
1858 4469 2034 4529 nostrorum

392 4590 564 4652 corporum
588 4571 657 4638 sive
681 4572 847 4637 bonorum.

498 4695 531 4778 2)
547 4696 631 4761 Item
647 4697 755 4760 nullus
772 4702 882 4777 potest
898 4716 957 4762 nos
974 4715 1112 4763 evocare
1126 4701 1344 4760 extramuros
1356 4693 1683 4761 Frankeniordensrs
1700 4714 1759 4777 pro
1772 4695 1928 4776 aliquibus
1941 4690 2033 4757 bonis

391 4801 523 4878 nostris,
555 4801 618 4867 nisi
649 4802 738 4884 prius
769 4808 900 4869 moveat
931 4802 1133 4883 questionem
1163 4801 1196 4866 in
1228 4801 1364 4868 civitate
1389 4821 1498 4867 coram
1527 4801 1690 4867 iudicibus
1715 4803 1842 4868 adhoc
1865 4797 2032 4882 deputatis.

393 4907 428 4972 Si
452 4908 538 4972 actio
563 4915 613 4974 est
638 4928 696 4989 pro
719 4908 914 4989 hereditate,
939 4909 1193 4975 monstrabimus
1216 4907 1403 4990 incuriam,
1429 4908 1457 4972 si
1473 4928 1532 4990 pro
1555 4908 1768 4990 proprietate,
1790 4903 2033 4974 monstrabimus

389 5013 423 5077 in
447 5013 624 5095 civitatem,
651 5014 706 5078 ubi
729 5015 815 5080 bona
839 5022 916 5080 sunt
940 5021 1025 5098 syta,
1051 5018 1091 5080 de
1115 5014 1232 5094 quibus
1256 5015 1383 5096 questio
1407 5022 1566 5096 movetur,
1595 5015 1623 5080 si
1646 5021 1698 5080 est
1719 5034 1779 5096 pro
1803 5013 1903 5089 feodo,
1925 5016 2033 5076 osten-

390 5123 501 5186 demus
526 5123 568 5185 ad
592 5121 754 5185 dominum
778 5118 874 5186 feodi.

496 5245 530 5330 3)
553 5244 638 5308 Item
661 5244 798 5309 libertas
822 5250 938 5310 nostra
961 5251 1012 5309 est
1036 5244 1122 5324 talis,
1149 5247 1234 5324 quod
1259 5245 1366 5310 nullus
1389 5250 1501 5327 potest
1525 5264 1583 5309 nos
1607 5265 1727 5311 vocare
1751 5249 1795 5312 ad
1818 5244 1944 5311 duellum
1966 5257 2031 5302 nec

386 5351 593 5432 impungnare
609 5371 668 5416 nos
686 5353 745 5416 sub
763 5350 871 5432 specie
888 5351 996 5431 duelli,
1022 5371 1081 5416 nec
1099 5350 1202 5417 eciam
1219 5358 1330 5431 potest
1345 5372 1405 5417 nos
1428 5353 1514 5433 quod
1530 5350 1715 5435 vulgariter
1735 5352 1855 5418 dicitnr
1875 5345 2030 5415 budeilen.

494 5475 528 5558 4)
540 5475 623 5540 item
640 5474 777 5540 libertas
793 5481 917 5556 nostra,
936 5478 1021 5554 quod
1039 5494 1098 5540 nec
1115 5475 1263 5540 dominus
1279 5482 1391 5541 noster
1406 5495 1475 5557 rex,
1489 5495 1550 5540 nec
1565 5475 1745 5558 imperator
1757 5484 1864 5559 potest
1874 5470 1921 5541 vel
1930 5471 2033 5534 debet

387 5581 470 5645 filios
494 5582 546 5647 vel
569 5581 653 5645 filias
677 5587 808 5646 nostros
821 5581 859 5666 (l)
872 5584 1005 5646 tradere
1028 5581 1146 5664 nuptui
1169 5581 1222 5647 vel
1246 5581 1344 5647 alicui
1368 5585 1578 5664 desponsare,
1607 5581 1671 5648 nisi
1694 5586 1735 5648 de
1759 5589 1918 5665 parentum
1937 5575 2034 5656 ipso-

387 5705 458 5751 rum
482 5686 681 5768 processerit
704 5688 886 5753 voluntate.
