4400 6384
393 316 459 382 428
1116 313 1184 366 1304
1204 312 1281 380 April
1300 314 1325 366 3.

393 518 506 578 nostro
530 508 676 576 unanimi
701 527 862 576 consensu
885 507 1082 575 donaverint
1106 515 1140 574 et
1164 508 1396 590 concesserint,
1414 511 1499 590 quod
1517 511 1663 574 ammodo
1683 507 1708 582 11
1724 508 1859 574 inantea
1874 528 2048 590 numquam

393 619 569 683 debeamus
585 624 619 681 et
635 623 805 682 teneamur
821 635 942 696 ponere
959 621 991 680 et
1009 635 1187 696 procurare
1204 615 1327 681 nostris
1342 614 1510 680 laboribus
1527 621 1560 680 et
1576 614 1739 696 expensis
1757 615 1841 680 sicut
1858 617 2048 681 tenebamur

392 725 569 804 hucusque,
602 722 726 804 canale,
760 725 845 804 quod
880 723 974 788 canel
1004 722 1188 805 vulgariter
1223 728 1440 804 nuncupatur,
1473 723 1514 787 ad
1547 721 1742 802 capiendum
1772 728 1806 787 et
1836 725 2046 789 amovendum

393 829 592 896 stillicidium
622 832 737 895 domus
766 837 879 895 nostre
909 827 1054 910 lapidee,
1087 827 1150 894 site
1180 827 1213 893 in
1244 828 1336 894 curia
1365 834 1482 894 nostra
1512 826 1743 895 Frankeniord
1776 827 1930 912 contigue
1961 828 2046 893 curie

393 939 574 1002 decanatus
605 934 741 1000 ecclesie
765 932 1088 1001 Frankeulordensis
1113 934 1269 1014 predicte,
1295 935 1344 1000 ita
1367 941 1486 1016 tamen,
1512 937 1597 1016 quod
1621 934 1822 1000 stillicidium
1845 941 1913 1000 tarn
1937 937 2045 1001 domus

392 1050 505 1108 nostre
535 1041 692 1123 predicte,
717 1060 814 1122 quam
844 1040 943 1106 etiam
973 1043 1087 1106 domus
1119 1046 1153 1105 et
1183 1040 1382 1107 edificiorum
1407 1041 1495 1106 curie
1519 1043 1701 1106 decanatus
1726 1041 1867 1122 predicti
1889 1041 1997 1106 fluant
2020 1049 2045 1106 et

391 1149 513 1214 fluxum
543 1149 687 1213 habeant
723 1154 755 1212 et
779 1147 947 1212 retineant
970 1152 1004 1212 et
1025 1152 1170 1212 meatum
1194 1167 1254 1228 per
1277 1150 1503 1228 aqueductum,
1530 1146 1585 1228 qui
1607 1146 1713 1214 dduch
1744 1155 1963 1229 nuncupatur,
1995 1167 2044 1230 per

390 1274 518 1320 murum
534 1273 650 1320 versus
665 1255 818 1320 borreum
834 1261 982 1319 nostrum
997 1252 1142 1318 incuria
1161 1260 1276 1319 nostra
1292 1254 1493 1336 supradicta,
1510 1253 1593 1335 ipsis
1612 1305 1617 1318 .
1638 1307 1643 1320 .
1661 1256 1784 1320 decano
1802 1261 1835 1320 et
1854 1307 1859 1318 .
1879 1306 1885 1318 .
1904 1253 2042 1336 capitulo

392 1361 565 1429 viceversa
598 1361 683 1426 benc
716 1360 860 1443 gratiam
890 1357 1067 1425 refundere
1099 1359 1280 1442 cupientes,
1316 1360 1438 1426 eisdem
1470 1361 1619 1426 unanimi
1652 1379 1812 1426 consensu
1845 1360 2040 1438 donavimus,

391 1467 588 1532 tradidimus
618 1473 652 1531 et
682 1466 901 1532 concessimus
932 1466 1129 1547 particulam
1160 1468 1324 1546 quandam
1356 1486 1442 1548 aree,
1469 1467 1566 1532 sitam
1596 1466 1631 1532 in
1662 1473 1734 1532 orto
1763 1473 1877 1532 nostro
1900 1465 1936 1530 in
1960 1465 2043 1530 curia

391 1579 507 1639 nostra
530 1579 619 1639 retro
644 1573 768 1638 curiam
791 1575 972 1638 decanatus
996 1572 1133 1638 ecclesie
1149 1571 1473 1638 Fraukenlordensis
1489 1573 1637 1655 predicte
1654 1591 1753 1655 super
1768 1571 1940 1653 fossatum,
1967 1573 2041 1652 quod

392 1679 516 1746 transit
539 1679 708 1746 civitatem
730 1676 973 1759 Frankenlord,
999 1681 1084 1759 quod
1107 1678 1178 1760 ipse
1197 1731 1202 1743 .
1223 1730 1228 1743 .
1247 1682 1390 1745 decanus
1414 1686 1448 1744 et
1466 1732 1472 1743 .
1493 1733 1498 1744 .
1517 1679 1695 1761 capitulum
1719 1699 1778 1762 pro
1803 1681 1970 1746 commodo
1995 1695 2040 1742 suo

392 1784 426 1850 in
454 1785 530 1867 ipsa
560 1792 656 1868 parte
684 1805 760 1851 aree
784 1805 805 1851 a
829 1804 930 1851 cornu
955 1785 1073 1850 camini
1096 1784 1316 1851 ministrantis
1341 1788 1383 1850 ad
1407 1793 1537 1868 stupam
1562 1786 1651 1852 curie
1675 1792 1709 1852 et
1733 1789 1845 1852 domus
1869 1787 2041 1850 decanatus

392 1891 516 1957 directe
540 1911 642 1974 usque
667 1895 709 1958 ad
730 1890 893 1958 fossatum
916 1891 1070 1957 edificare
1093 1897 1127 1956 et
1151 1897 1341 1957 construere
1365 1899 1503 1973 possunt
1526 1898 1559 1957 et
1581 1892 1702 1957 debent
1727 1911 1863 1972 murum,
1887 1889 1938 1956 ita
1961 1908 2039 1969 sane,

391 2001 477 2078 quod
507 2017 568 2064 nec
597 1998 704 2079 ianne,
730 1996 885 2078 fenestre,
910 1998 964 2065 vel
993 1995 1156 2064 foramina
1185 1997 1267 2063 fiant
1297 2017 1356 2080 per
1385 1998 1491 2079 ipsum
1519 2017 1645 2065 murum
1675 1998 1727 2064 vel
1758 1997 1886 2063 edificia
1910 2000 2040 2078 desuper

392 2104 546 2170 edificata
569 2104 622 2171 vel
644 2105 828 2170 edificanda
850 2124 967 2172 versus
983 2104 1108 2170 curiam
1124 2111 1156 2170 et
1175 2111 1281 2170 ortum
1298 2110 1445 2169 nostrum
1462 2105 1673 2185 antedictum,
1699 2111 1733 2170 et
1748 2107 1836 2184 quod
1851 2103 2040 2168 stillicidium

392 2213 492 2276 cedat
522 2217 555 2276 et
582 2220 752 2277 remaneat
775 2209 865 2277 inira
890 2230 990 2277 cornu
1014 2210 1134 2277 camini
1157 2209 1316 2276 antedicti
1339 2217 1373 2276 et
1396 2231 1460 2276 non
1484 2212 1574 2277 ultra
1596 2230 1632 2276 sc
1655 2214 1823 2276 extendat.
1871 2211 1919 2276 Ut
1942 2217 2040 2276 autem

391 2317 452 2382 bec
479 2317 640 2398 premissa
664 2339 683 2382 c
706 2317 801 2384 uobis
825 2324 882 2384 et.
901 2317 1172 2383 ‚successoribus
1196 2317 1319 2382 nostris
1341 2317 1535 2384 inconvulsa
1557 2317 1798 2384 immutabiliter
1822 2318 2038 2394 observentur,

392 2442 452 2488 uos
474 2475 481 2488 .
501 2475 507 2488 .
531 2426 634 2490 abbas
666 2431 699 2490 et
722 2477 728 2489 .
748 2477 754 2488 .
778 2431 969 2504 conventus,
989 2476 995 2488 .
1016 2476 1021 2489 .
1040 2426 1184 2489 decanus
1215 2429 1248 2489 et
1267 2475 1272 2487 .
1293 2475 1299 2489 .
1318 2423 1507 2506 capitulum,
1529 2423 1689 2489 antedicti
1717 2429 1888 2505 presentes
1919 2421 2039 2487 litteras

391 2529 467 2594 hinc
498 2536 530 2594 et
560 2530 635 2596 inde
666 2530 846 2614 sigillorum
876 2536 1063 2597 nostrorum
1092 2529 1268 2596 munimine
1300 2530 1462 2596 tradimus
1492 2533 1676 2596 roboratas.
1724 2531 1844 2595 Actum
1875 2535 1909 2594 et
1936 2531 2039 2594 datum

393 2655 479 2701 anno
499 2637 620 2702 domini
634 2637 803 2702 millesimo
820 2636 1042 2703 tricentesimo
1059 2644 1188 2718 quarto,
1213 2635 1299 2703 feria
1315 2641 1460 2703 secunda
1476 2635 1624 2718 proxima
1639 2643 1715 2719 post
1730 2655 1841 2702 ramos
1857 2635 2038 2718 palmarum.

607 2798 653 2852 Or.
667 2797 755 2867 Ppmt.
792 2797 835 2850 Es
852 2799 961 2867 bdnpcn
978 2814 1034 2850 nur
1051 2797 1096 2850 dic
1110 2797 1198 2867 Steqet
1216 2797 1262 2852 des
1275 2795 1612 2860 Bartholomaeus-sasas
1629 2795 1688 2850 und
1700 2796 1747 2849 des
1761 2795 1922 2850 Dechanten
1934 2794 2040 2862 Philipp

662 2903 708 2940 un.
745 2885 784 2940 st.
798 2885 833 2940 A.
849 2885 900 2939 Fr.
938 2886 1038 2940 Barth.
1054 2885 1093 2939 St.
1109 2886 1162 2940 No.
1178 2889 1237 2940 178.

391 3251 484 3327 841.
508 3261 701 3325 Schultbec'ss
727 3259 821 3340 Gottf
821 3261 888 3324 ried
911 3259 1016 3342 Bcper
1038 3260 1105 3324 und
1128 3261 1178 3324 dic
1201 3261 1346 3340 Sclrdffeu
1369 3282 1429 3325 ooo
1451 3259 1636 3342 Fronlrsurt
1660 3260 1870 3339 bervrlrunden,
1895 3261 1972 3324 dces
1992 3259 2042 3324 der

508 3369 740 3432 Sclrolouocbcr
780 3367 932 3431 Tilmono
968 3367 1124 3431 Rendelcr
1167 3367 1232 3431 111111
1270 3368 1380 3432 desset
1418 3367 1513 3432 Fron
1550 3367 1714 3432 erlcardis
1752 3368 1808 3432 der
1846 3368 2042 3432 votauota-

483 3473 703 3554 ,Kommendc
724 3496 767 3538 111
789 3473 975 3555 Fronlrsurd
997 3479 1044 3538 17
1063 3473 1202 3558 Moryen
1225 3474 1405 3539 Aclccrlond
1429 3478 1463 3538 In
1485 3475 1542 3539 der
1567 3475 1771 3558 Gemcrluuy
1795 3497 1855 3539 rou
1877 3473 2042 3538 Pecerued

508 3580 657 3661 certouft
678 3581 789 3644 baben.
837 3586 924 3644 1304
948 3581 1045 3661 April
1067 3587 1098 3644 3.

500 3739 567 3804 Nos
592 3736 766 3805 Gotlridus
789 3740 897 3822 Beyer
921 3738 1022 3820 miles,
1049 3739 1218 3821 scultetus
1245 3746 1278 3805 et
1302 3739 1430 3806 scabini
1446 3743 1485 3805 de
1501 3737 1717 3805 Franckfurt.
1757 3739 2043 3823 Recognoscimus,

393 3849 478 3928 quod
502 3845 694 3911 Tilmanuus
718 3845 825 3911 dictus
849 3845 1014 3911 Rendeler
1037 3844 1177 3912 calcifen
1201 3852 1232 3912 et
1257 3846 1428 3927 Lucardis,
1454 3865 1536 3912 uxor
1560 3847 1629 3912 eius
1651 3846 1825 3930 legittima,
1850 3847 1957 3914 nostri
1974 3865 2045 3911 con-

393 3953 493 4034 cives,
517 3952 551 4017 in
575 3952 680 4017 nostri
704 3952 876 4034 presencia
899 3951 1081 4033 constituti,
1108 3953 1347 4019 communicata
1370 3973 1468 4019 manu
1492 3953 1629 4035 parique
1652 3972 1814 4019 consensu
1830 3954 2048 4021 vendiderunt

392 4058 480 4124 iusto
511 4058 714 4125 vendicionis
745 4060 851 4142 tytulo
882 4057 1046 4142 religiosis
1076 4059 1158 4125 viris
1188 4057 1288 4124 fratri
1311 4061 1499 4126 Hermanno
1531 4062 1570 4125 de
1594 4058 1769 4143 Maguntia
1793 4057 2048 4127 commendatori

393 4171 427 4230 et
449 4162 610 4230 iratribus
634 4165 808 4246 hospitalis
831 4164 940 4230 sancti
962 4165 1125 4231 Iohannis
1141 4167 1428 4249 lherosolemptcut
1449 4165 1481 4231 in
1498 4164 1706 4232 Francklurt
1729 4168 1842 4233 decem
1866 4175 1898 4233 et
1924 4173 2050 4248 septem

392 4272 508 4355 iugera
538 4278 627 4336 terre
651 4271 787 4337 arabilis
810 4271 845 4337 in
868 4269 1016 4337 terminis
1039 4271 1116 4337 ville
1139 4273 1327 4338 Petterwile
1352 4272 1417 4338 sita
1441 4292 1513 4337 cum
1537 4272 1626 4340 omni
1646 4273 1727 4353 iure,
1753 4292 1817 4353 quo
1840 4273 1914 4354 ipsa
1939 4276 2049 4338 decern

393 4385 425 4444 et
468 4385 593 4460 septem
627 4377 742 4460 iugera
772 4378 1009 4460 possiderunt·
1040 4386 1199 4460 perpetuo
1235 4379 1451 4462 possidenda;
1494 4379 1702 4461 resignantes
1741 4387 1775 4444 et
1815 4380 2051 4446 renunciantes

392 4485 479 4550 omni
501 4484 566 4550 iuri
590 4482 693 4550 dietih
715 4485 879 4568 coniuges,
905 4489 990 4565 quod
1014 4485 1136 4551 eisdem
1159 4486 1194 4551 iu
1216 4486 1372 4568 predictis
1389 4489 1499 4551 decem
1515 4491 1548 4550 et
1565 4492 1690 4567 septem
1706 4486 1875 4569 iugeribus
1893 4503 2052 4570 agrorum

392 4593 614 4674 conpetebat,
646 4591 876 4673 promittentes
906 4591 1132 4658 nichilominus
1164 4593 1338 4674 prelibatis
1362 4591 1461 4658 fratri
1483 4592 1673 4658 Hermanno
1698 4600 1731 4658 et
1754 4591 1920 4658 iratribus
1941 4591 2053 4659 facere

391 4697 595 4765 warandiam
625 4697 756 4775 iustam,
789 4698 934 4763 debitam
964 4705 998 4763 et
1028 4706 1226 4765 consuetam.
1276 4700 1392 4765 Testes
1426 4698 1521 4764 buius
1551 4704 1645 4764 sunt:
1677 4699 1864 4766 Hertwicus
1897 4701 1944 4766 de
1976 4699 2055 4766 Alta

391 4807 495 4884 domo,
521 4805 690 4870 Comedus
715 4806 754 4870 de
784 4804 891 4886 Spira,
916 4803 1058 4871 Sitridus
1078 4807 1118 4870 de
1136 4806 1355 4889 Gysenbeym,
1379 4803 1565 4871 Markollus
1582 4808 1622 4870 de
1639 4805 1824 4889 Lyntbeim,
1848 4807 2056 4890 liudegerus

392 4914 432 4976 de
454 4911 670 4992 Hultzbusen,
696 4911 832 4992 scabini,
858 4919 892 4976 et
916 4913 1143 4994 quamplures
1167 4912 1224 4978 alii
1248 4911 1336 4979 cives
1353 4909 1663 4978 Franckiurdenses
1679 4912 1842 4996 fidedigni.
1887 4913 1934 4978 In
1964 4911 2058 4979 testi-

390 5017 532 5083 monium
555 5017 788 5099 premissorum
810 5037 870 5082 nos
894 5019 1054 5084 scultetus
1078 5025 1112 5084 et
1128 5019 1255 5085 scabini
1271 5019 1433 5084 antedicti
1449 5021 1490 5084 ad
1506 5025 1659 5102 rogatum
1676 5019 1823 5101 parcium
1839 5018 2058 5101 prelatarum

391 5123 535 5206 sigillum
558 5123 788 5190 universitatis
812 5122 1114 5190 Franckiurdeusis
1136 5125 1344 5207 presentibus
1359 5126 1510 5191 duximus
1527 5128 1786 5207 appendendum.
1822 5129 1955 5192 Actum
1974 5145 2059 5192 anno

391 5230 512 5295 domini
534 5230 704 5296 millesimo
729 5230 950 5296 tricentesimo
975 5238 1103 5313 quarto,
1130 5230 1213 5297 teria
1237 5239 1332 5297 sexta
1356 5239 1434 5297 ante
1458 5231 1653 5298 dominicam
1677 5231 2008 5316 Quasimodogeniti.

602 5390 745 5455 Abscbrift
762 5390 793 5444 in
811 5391 975 5444 Iohanniter
996 5391 1257 5458 BdclucrNo.15fi
1278 5391 1370 5446 XIII.
1407 5391 1447 5446 St.
1462 5393 1496 5446 A.
1512 5392 1562 5446 Fr.

605 5479 704 5532 Gedr.:
721 5480 765 5544 B,
784 5484 837 5533 360
855 5481 925 5534 noch
943 5481 1080 5534 derectum
1104 5481 1227 5550 Vorlope.

609 5568 702 5621 ch
720 5567 826 5637 Scriba,
845 5569 889 5636 II,
909 5570 962 5623 No.
977 5573 1038 5623 926.

657 5761 682 5812 u)
702 5759 821 5813 Vorlape:
834 5761 1018 5814 ,possidonium
1045 5762 1070 5814 b)
1089 5762 1208 5815 Vorlape:
1223 5761 1321 5814 ,dlctc‘.
