4400 6384
406 310 450 373 70
1079 313 1148 366 1245
1166 312 1323 382 Scpambor
1343 315 1384 368 17.

405 505 470 574 fuit
492 507 527 575 in
550 508 689 576 ecelesia
712 530 821 576 eoram
845 511 945 578 altari
961 520 1074 578 sancte
1092 511 1196 577 llarie
1213 512 1247 577 in
1263 513 1507 594 Frankenvort,
1532 513 1740 595 presentibus
1756 513 1885 580 domiuo
1901 513 2058 580 Heinrico

406 616 537 698 abbate,
562 619 750 684 Hermanno
774 621 936 698 quondam
960 618 1131 685 cellerario
1156 618 1192 684 in
1214 621 1417 702 Aruesburg‚
1448 619 1520 701 ipso
1543 621 1696 686 Jobanne
1719 620 1895 701 Goltsteiu,
1919 623 2058 688 Alberto

405 724 553 793 solitario
577 732 611 791 et
633 725 705 807 ipso
729 725 857 792 domino
882 727 1040 809 liuperto.
1088 728 1157 792 Nec
1180 727 1293 793 debuit
1315 727 1376 792 bec
1399 726 1570 809 promissio
1601 747 1660 810 per
1689 727 1786 794 unius
1816 728 1895 794 anni
1924 749 1964 795 ac
1994 729 2058 795 diei

405 833 552 916 spacium
576 832 754 912 terminari,
780 835 836 898 sed
861 833 1014 900 continue
1038 836 1229 916 perdurare,
1252 833 1311 909 ita,
1336 837 1422 916 quod
1446 833 1475 900 si
1496 833 1615 915 aliquis
1638 853 1738 917 super
1760 834 1887 902 decima
1909 850 1944 901 ct
1959 855 2060 918 snper

406 940 525 1006 eisdem
548 939 643 1005 bonis
660 939 859 1006 Wetzelonis
883 941 1036 1007 abbatem
1061 949 1094 1006 et
1119 947 1314 1007 conventum
1337 941 1477 1024 inpetat,
1500 941 1719 1024 burcgravius
1741 940 1826 1008 idem
1849 941 1904 1008 vel
1920 942 2058 1008 heredes

405 1047 465 1128 sui,
499 1047 529 1113 si
558 1046 629 1129 ipsa
661 1045 849 1125 decesserit,
883 1047 1081 1114 monasterio
1114 1048 1149 1114 in
1180 1049 1376 1130 Arnesburg
1402 1048 1465 1113 XL
1484 1067 1614 1114 marcas
1637 1047 1847 1114 (blonienses
1880 1048 2057 1114 restituere

405 1161 591 1220 teneantur.
627 1153 736 1237 Igitur
759 1151 866 1220 irater
882 1154 1090 1220 Hermanuus
1107 1157 1268 1236 quondam
1286 1154 1476 1220 cellerarius
1494 1155 1528 1220 in
1544 1156 1740 1237 Arnesburg
1753 1153 1931 1235 requisitus
1947 1175 2058 1222 coram

405 1261 499 1327 uobis
529 1262 571 1328 ab
595 1262 716 1326 abbate
747 1279 805 1326 suo
836 1280 895 1342 per
918 1261 1163 1328 observantiam
1193 1268 1228 1326 et
1258 1262 1319 1326 sub
1343 1281 1429 1342 pena
1458 1260 1617 1326 tremendi
1648 1260 1760 1327 iudicii
1789 1265 1968 1328 concordat
2000 1281 2059 1344 per

404 1367 513 1434 omnia
536 1387 608 1434 cum
624 1367 752 1434 domino
768 1369 792 1434 J
794 1367 922 1435 ohanne
938 1369 1139 1451 supradicto.
1179 1368 1297 1435 Testes
1312 1367 1409 1434 buius
1424 1368 1473 1434 rei
1488 1375 1581 1433 sunt:
1605 1367 1796 1433 Waltberus
1813 1370 1853 1434 de
1868 1368 2057 1449 Mersevelt,

404 1474 592 1558 Erpragtus
616 1477 656 1540 dc
678 1473 861 1556 Peterwile,
887 1474 1061 1541 Heinricus
1085 1475 1272 1558 t'loveloug,
1296 1475 1512 1541 Baldemarus
1535 1476 1575 1540 de
1592 1473 1795 1555 Froenhove,
1820 1474 1995 1541 Wickerus
2017 1479 2058 1541 de

405 1580 594 1662 Ovenbacb‚
626 1581 768 1662 scabini;
801 1581 992 1647 Wilhelmus
1026 1583 1131 1648 abbas
1160 1589 1195 1647 et
1219 1581 1395 1648 Didericus
1425 1600 1604 1648 conversus
1626 1580 1660 1646 iu
1683 1582 1886 1664 Arnesburg,
1916 1579 2059 1647 Siin'dus
2182 1620 2183 1683 p

405 1687 574 1769 plebanus
607 1689 801 1772 Rudegerus
832 1688 980 1755 notarius
1010 1687 1044 1754 in
1071 1688 1294 1772 llinzenberg,
1327 1689 1537 1753 Hermanuus
1568 1689 1608 1752 de
1633 1687 1750 1770 Berge,
1784 1686 1984 1753 Godeiridus
2016 1692 2057 1754 de

404 1793 600 1876 Liderbach,
624 1794 760 1876 milites3
784 1794 967 1877 Wigaudus
991 1794 1175 1860 scultbetus
1198 1797 1238 1860 de
1253 1795 1371 1878 Berge,
1396 1802 1430 1860 et
1453 1793 1511 1860 alii
1533 1793 1766 1876 quamplures.
1803 1793 1842 1860 In
1858 1794 2058 1860 evidentiam

404 1907 498 1984 geste
521 1901 569 1968 rei
592 1900 699 1985 sigillo
723 1907 835 1968 nostre
859 1901 1006 1968 civitatis
1030 1907 1215 1984 presentem
1239 1900 1375 1968 lecimus
1399 1900 1552 1984 pagiuam
1580 1899 1774 1966 confirmari.
1821 1903 1940 1966 Actum
1969 1921 2057 1967 anno

404 2007 525 2073 domini
547 1989 591 2074 11.
617 1989 678 2074 (10.
708 1988 781 2074 XL?
805 2009 929 2091 quinto,
955 2011 1041 2091 apud
1060 2009 1305 2089 F‘rankenvort,
1330 1987 1393 2075 ΙΪΙ.
1418 2027 1493 2073 non.
1518 2007 1661 2090 augusti.

619 2149 665 2204 Or.
678 2149 767 2220 Ppmt.
795 2149 858 2204 Dos
876 2150 1054 2221 onbdupmde
1072 2148 1235 2220 Stcdtaiepel
1246 2152 1288 2216 (1)
1307 2149 1344 2202 iat
1361 2149 1424 2203 aebr
1441 2149 1523 2203 οώόη
1540 2149 1669 2202 arbaim
1705 2149 1783 2204 Μ.

618 2239 718 2294 Gedr:
735 2239 779 2306 Β.,
798 2244 834 2294 71
852 2241 922 2294 narb
939 2239 998 2293 aar
1019 2238 1065 2294 Or.
1087 2281 1092 2292 .
1130 2239 1253 2308 nepae:
1270 2239 1371 2294 Amet.
1390 2237 1481 2306 Urlrb,
1498 2241 1560 2292 206.

621 2327 714 2382 Vera:
732 2327 838 2396 Scribo,
856 2328 900 2394 ΙΙ,
921 2329 973 2383 Νο.
987 2332 1039 2382 111
1057 2345 1092 2382 su
1111 2328 1183 2398 Aup.
1197 2330 1222 2380 5.

518 2700 715 2777 pestosseneu
739 2695 812 2758 oder
835 2701 1067 2778 orrspttretrnen
1093 2696 1356 2763 Ordrnsbriidern
1377 2695 1436 2758 (len
1466 2693 1651 2780 l'eberponp
1674 2717 1715 2758 ru
1738 2696 1860 2760 undem
1885 2696 1989 2763 Orden
2015 2720 2057 2760 zu

519 2800 677 2880 erluuben,
714 2805 768 2864 iniit
802 2801 987 2866 Arranolnne
1020 2803 1076 2866 der
1114 2802 1218 2869 Orden
1252 2802 1308 2865 des
1341 2803 1474 2884 beilipen
1509 2801 1683 2884 Aitpustin,
1718 2801 1775 2865 der·
1810 2801 1961 2883 Tenrpler,
2001 2805 2058 2866 der·

520 2906 727 2988 Hospitule'ter
761 2909 827 2972 eund
861 2910 1009 2988 eadmer,
1054 2910 1164 2972 rrelrbe
1200 2909 1323 2990 ll'uffen
1364 2913 1485 2991 inopere.
1544 2907 1644 2990 Lycur
1682 2914 1767 2972 1215
1798 2909 1973 2990 Septenrber
2003 2915 2055 2973 17.

521 3013 614 3094 (XV.
638 3015 700 3079 lot
725 3015 868 3095 octobris,
887 3039 922 3098 p.
948 3039 977 3080 u.
1003 3019 1051 3089 3.)

920 3195 962 3204 -
986 3155 1064 3222 Paci
1087 3163 1123 3223 et
1145 3155 1380 3240 tranquillitati
1403 3163 1465 3222 etc.
1491 3195 1534 3204 -

617 3297 716 3352 Gella:
733 3298 778 3367 Β.,
799 3302 832 3352 75
850 3299 921 3352 norb
939 3299 997 3352 aaa
1013 3297 1058 3352 Or.
1070 3298 1157 3369 ΡΜ.
1176 3300 1225 3352 mit
1244 3299 1325 3353 Belle
1342 3315 1380 3352 an
1398 3299 1551 3368 rotbpelben
1571 3296 1719 3352 &boum
1755 3297 1795 3353 St.
1809 3298 1844 3352 A.
1858 3298 1909 3352 Fr.
1929 3299 2055 3354 Domini-

670 3387 755 3440 lroner
771 3387 835 3441 Urk.
855 3388 908 3441 No.
920 3391 945 3441 a

621 3475 714 3530 Vera:
732 3476 865 3531 Pontou.
886 3476 1048 3532 No.11876.

404 3724 495 3800 140.
517 3731 668 3798 Derselbe
693 3735 851 3799 oerordnei
874 3734 938 3816 olef
958 3735 1044 3799 Bitte
1066 3735 1122 3798 (les
1145 3735 1294 3798 Meleteas
1316 3735 1383 3798 euml
1405 3737 1462 3800 der
1486 3734 1618 3800 Prioren
1642 3736 1699 3799 der
1714 3733 1954 3814 nonanti-aner,
1978 3736 2056 3800 dass

518 3863 578 3905 aus
601 3843 714 3906 diesem
742 3841 848 3909 Ordine
870 3847 1107 3924 cuspes—rossam
1130 3843 1204 3906 oder
1226 3848 1437 3926 crispitudine
1460 3843 1642 3926 Mitpliedo·
1671 3843 1770 3906 uerior
1794 3843 1949 3926 predipen
1977 3844 2055 3906 norit

518 3946 646 4012 Beiohte
668 3949 763 4012 boren
786 3947 914 4029 eldrfen,
942 3971 974 4012 es
997 3951 1043 4012 sei
1065 3949 1157 4028 dena,
1187 3949 1265 4014 (loss
1288 3953 1334 4014 sie
1357 3951 1436 4014 rauel
1467 3950 1640 4014 erboltener
1662 3947 1858 4014 Erlunbmss
1888 3972 1929 4013 ro
1957 3953 2054 4013 einem

519 4053 641 4118 andem
665 4055 771 4120 Ordea
795 4055 1032 4139 iiberpeponpmr
1056 4055 1139 4119 sind.
1186 4055 1287 4139 Lyco,
1313 4061 1399 4120 1215
1423 4057 1598 4137 September
1619 4061 1674 4120 21.
1719 4055 1799 4137 (XI.
1823 4057 1886 4121 aar.
1911 4058 2054 4121 octobris.

513 4183 548 4240 p.
566 4183 596 4224 o.
613 4163 661 4243 3.)

910 4315 953 4324 -
976 4277 1085 4344 Justis
1108 4276 1288 4361 petentium
1313 4275 1484 4344 desideriis
1507 4315 1550 4324 -

618 4417 717 4473 dede:
734 4419 779 4486 Β.,
795 4422 827 4472 76
845 4419 915 4474 norb
933 4419 991 4474 dem
1012 4419 1058 4474 Or.
1073 4419 1161 4490 ΡΜ.
1180 4420 1229 4472 orit
1247 4419 1328 4474 aune
1346 4437 1384 4473 an
1401 4420 1556 4490 rotbpelbcn
1573 4418 1721 4474 ausura.
1752 4419 1794 4475 St.
1808 4419 1842 4474 A.
1857 4419 1909 4474 Fr.
1928 4419 2055 4474 Domini-

668 4509 754 4562 loner
770 4508 834 4563 ure.
854 4509 908 4563 No.
927 4513 952 4563 1.

621 4597 713 4652 Vera:
731 4597 866 4667 Pottbuat,
886 4598 1051 4653 No.11898.

403 4847 495 4922 141.
520 4856 639 4935 Gadda,
662 4857 782 4921 lituae
794 4856 974 4934 Heinrich-v,
994 4857 1048 4921 (les
1065 4855 1256 4940 Centprufrnr
1269 4853 1489 4941 (,centurio“)
1510 4859 1544 4920 in
1557 4855 1769 4933 Holrlrunsen,
1783 4857 1918 4922 trucider
1928 4857 1962 4922 F
1961 4858 2054 4922 roni:-

520 4962 624 5044 furter
646 4963 777 5047 Bu'rper
799 4963 952 5028 Heinrich
979 4985 1036 5028 ron
1059 4963 1265 5028 Holeluusrnc
1286 4963 1437 5027 srbenlrn
1463 4962 1531 5026 dem
1551 4961 1682 5027 Klostrr
1697 4963 1931 5048 illurienbupen
1955 4965 2057 5028 Giitrr

519 5071 575 5151 (ru
598 5070 818 5154 Holrbousen)
842 5071 909 5134 tend
931 5093 972 5134 zu
995 5070 1154 5135 Erlrborb
1178 5078 1267 5134 linter
1290 5071 1480 5135 bestirumtro
1503 5069 1745 5154 Brtliupunpen.
1793 5071 1928 5156 [1245]

510 5211 702 5278 Confirmari
724 5213 845 5279 debent
869 5211 1004 5294 perenni
1033 5211 1157 5292 littera,
1188 5232 1251 5294 que
1280 5211 1316 5278 in
1345 5210 1492 5294 presenti
1516 5219 1663 5294 ternpore
1686 5209 1840 5278 videntur
1867 5212 2056 5279 solemniter

402 5317 564 5385 ordinata.
579 5317 605 5394 11
630 5319 750 5386 Notum
779 5318 882 5403 igitur
912 5318 956 5384 sit
978 5319 1141 5386 universis
1168 5339 1304 5402 presens
1334 5319 1492 5402 scripturn
1514 5317 1646 5397 visoria,
1673 5320 1758 5399 quod
1782 5319 1907 5400 Gutda,
1937 5319 2055 5386 relicta

402 5428 563 5506 quondam
585 5424 722 5492 Heurici
737 5424 760 5498 11
779 5425 978 5492 centurionis
1001 5425 1035 5492 in
1058 5427 1234 5508 Holzusan,
1266 5431 1307 5493 ad
1336 5428 1525 5506 claustrum,
1556 5429 1642 5506 quod
1670 5424 1790 5491 dicitur
1811 5425 2051 5510 Marienbagin,

402 5551 474 5597 cum
510 5532 578 5598 lilia
610 5551 670 5598 sua
708 5531 825 5598 ibidem
865 5531 1011 5606 hallbitu
1040 5532 1208 5616 religionis
1244 5533 1433 5614 vestiretur,
1457 5533 1474 5598 I
1498 5551 1645 5599 mansum
1685 5531 1825 5599 contulit
1853 5539 1889 5598 et
1918 5531 2051 5617 legavit.

401 5638 475 5703 'lali
498 5638 686 5704 condicione
710 5639 894 5720 subiuncta,
926 5647 963 5705 ut
986 5638 1014 5705 si
1037 5639 1106 5706 filia
1128 5647 1233 5706 matre
1255 5641 1389 5708 vivente
1412 5637 1523 5706 carnis
1550 5638 1694 5705 debitum
1724 5639 1939 5720 persolveret,
1968 5639 2054 5704 idem

402 5751 511 5810 tamen
534 5763 668 5810 mansus
691 5745 857 5812 antedicto
882 5746 1026 5812 claustro
1051 5747 1171 5813 debeat
1194 5749 1309 5812 cedere
1339 5756 1373 5813 et
1404 5747 1434 5812 ei
1463 5745 1497 5811 in
1521 5746 1762 5830 perputuumd)
1786 5745 1923 5812 servire.
1968 5746 2054 5811 Item

404 2575 496 2652 139.
524 2585 625 2668 Popst
648 2587 804 2652 innocent
820 2586 883 2652 IV.
907 2593 1047 2672 pesiotiet
1069 2589 1138 2652 dem
1162 2589 1295 2652 dimeter
1319 2587 1384 2651 irrui
1405 2587 1466 2651 den
1491 2586 1625 2652 Prioren
1647 2589 1704 2652 der
1717 2587 1957 2668 Doruiniluner,
1981 2613 2057 2654 oras·
