4400 6384
714 312 782 365 1255
801 312 908 367 Januar
926 315 943 367 9
963 344 996 353 -
1017 314 1085 367 1255
1105 313 1212 369 Jannar
1232 313 1273 367 15.
1774 318 1815 380 91

285 511 344 593 ,de
367 508 460 575 bonis
483 508 517 573 in
534 509 703 575 Redilnem
727 508 810 591 sitia
836 530 897 590 que
914 509 1056 575 Whicus
1080 515 1242 592 quondam
1267 510 1348 578 civis
1370 509 1405 576 in
1420 510 1658 578 Frankinwort
1681 518 1715 577 et
1737 532 1820 578 uxor

281 635 342 681 sua
375 615 551 682 Gertrudis
586 615 823 681 communicata
858 636 955 682 manu
995 617 1203 683 contulerant
1245 618 1381 684 ecclesie
1416 618 1672 685 Ever·bacensi.“
1732 624 1819 684 1255

281 723 412 787 Juauor
436 730 456 786 9
481 727 604 805 (quinto
627 724 670 786 r'd.
695 724 788 805 ion).

380 863 460 917 Gedr.
480 881 506 917 u.
527 882 570 917 a:
590 864 688 931 Seuer,
707 864 733 931 I,
752 866 804 917 381
823 865 893 918 nach
912 864 971 917 dem
992 865 1037 920 Or.
1057 867 1088 919 in
1106 866 1276 921 Wieebudeh.

162 1158 256 1235 189.
281 1168 342 1232 Do
365 1169 456 1233 stadt
472 1168 562 1231 Korn
584 1172 650 1232 trdt
673 1169 742 1232 deur
765 1169 969 1251 cllyroueiueu
985 1168 1204 1250 Lo-rulfriedeu
1228 1172 1284 1249 bei,
1309 1172 1443 1235 ruelrheu
1465 1173 1515 1235 die
1529 1171 1739 1253 Erebisehdfe
1762 1194 1822 1236 eoo

280 1276 395 1339 didiae
425 1276 490 1338 remi
513 1274 612 1353 Ko'lu,
643 1275 693 1339 dte
717 1274 871 1353 Biscbdfe
901 1296 960 1339 rore
986 1276 1110 1340 ll'orrns
1140 1278 1206 1340 rrrrd
1229 1277 1339 1357 Basel,
1369 1279 1420 1341 dee
1445 1277 1656 1361 Wildgrusea,
1683 1278 1820 1343 Gerlach

282 1404 339 1445 rroa
361 1382 527 1465 Liruburp,
559 1381 671 1446 Ulre'eh
695 1404 754 1445 eoa
776 1380 983 1465 Miaeeubeey
1007 1383 1074 1445 read
1097 1383 1213 1447 cedere
1238 1383 1329 1462 Edle,
1353 1386 1514 1449 heuheehh
1536 1390 1691 1469 gemente
1713 1386 1820 1450 doute

282 1490 449 1566 (durante-r
471 1487 670 1571 Frouhfrod)
701 1489 767 1551 erud
791 1489 905 1551 dedere
928 1494 1128 1571 reupehormle
1151 1490 1258 1554 Saudo
1281 1512 1341 1554 roh
1363 1512 1588 1575 cerpuhpeueor
1613 1496 1664 1556 13.
1683 1492 1755 1556 Job·
1777 1513 1820 1556 oh

279 1596 343 1675 (torf
362 1596 440 1658 echo
464 1595 566 1659 Juhre
587 1595 729 1678 perrroeld
758 1595 867 1659 bobert.
915 1594 1013 1674 Korn,
1046 1601 1132 1659 1255
1157 1597 1288 1661 Juauor
1311 1603 1363 1661 14.

270 1735 522 1801 venerabilibus
545 1735 696 1817 patribus
721 1776 725 1787 ·
748 1777 752 1787 -
777 1734 1030 1819 Moguntinensi,
1058 1778 1089 1790 ··
1116 1737 1301 1805 Coloniensi
1324 1738 1587 1822 archiepiscopis,
1614 1781 1646 1793 ··
1670 1742 1819 1807 Worma-

160 1842 274 1923 ciensi,
301 1884 306 1893 -
328 1884 332 1893 -
360 1841 534 1907 Basiliensi
550 1842 711 1924 episeopis
729 1848 761 1907 et
777 1842 800 1915 ll
814 1844 1013 1909 honorandis
1037 1844 1118 1911 viris
1136 1886 1141 1897 ·
1162 1886 1167 1897 ·
1186 1845 1306 1911 seniori
1322 1853 1376 1911 et·
1397 1887 1403 1898 ·
1419 1846 1538 1912 iuniori
1555 1888 1560 1898 ·
1582 1888 1587 1899 ·
1606 1847 1819 1914 Silvestribus

161 1948 346 2027 comitibus
384 1950 423 2015 G.
457 1951 497 2013 de
528 1948 688 2031 Limpurg
722 1956 754 2014 et
789 1929 839 2015 [ll.
875 1952 914 2014 de
946 1950 1161 2035 Mincenberg
1187 1954 1211 2024 tl
1239 1972 1278 2018 ac
1309 1952 1382 2018 aliis
1412 1952 1584 2035 nobilibus,
1615 1953 1817 2037 Mogontine,

161 2054 409 2137 wormaciensi,
442 2055 597 2136 Spirensi,
629 2055 882 2137 Hagenowensi,
908 2056 1152 2139 Argentinensi,
1185 2059 1370 2140 Basiliensi,
1402 2059 1630 2141 Sletstadensi,
1650 2058 1674 2132 ΙΙ
1692 2060 1819 2127 Colum-

159 2162 317 2243 bariensi,
331 2161 529 2243 Brisacensi,
542 2160 857 2243 Frankeniordensi,
876 2162 1147 2246 Geylenhusensi,
1161 2165 1392 2247 Wetflariensi,
1405 2166 1669 2249 Vridebergensi,
1687 2167 1820 2249 Oppen-

160 2268 340 2352 heymensi,
364 2268 552 2351 Pinguensi,
577 2268 783 2350 Wesaliensi,
815 2269 1066 2351 Bacheracensi,
1092 2270 1315 2354 Dietpacensi‚
1341 2272 1567 2354 Bopardiensi,
1599 2279 1633 2339 et
1655 2272 1818 2339 universis

161 2376 355 2442 civitatibus
379 2374 462 2455 aliis,
488 2374 580 2457 pacis
604 2374 716 2441 ledere
741 2374 912 2456 copulatis.
939 2416 943 2427 ·
966 2416 970 2427 ·
995 2376 1141 2459 Judices,
1167 2377 1294 2444 scabini
1317 2378 1482 2459 ceterique
1506 2379 1656 2444 consules
1680 2385 1714 2444 et
1730 2379 1818 2446 cives

160 2481 382 2563 (bolonienses,
415 2480 568 2562 quicquid
592 2487 747 2563 poterunt
771 2482 917 2562 obsequii
942 2489 975 2547 et
997 2483 1141 2566 honoris,
1174 2504 1244 2550 cum
1276 2485 1383 2550 salute
1407 2485 1545 2550 sincera.
1594 2485 1721 2551 'lenore
1745 2505 1818 2568 pre-

160 2588 304 2654 sentium
326 2589 589 2671 recognoscimus
613 2594 646 2654 et
670 2588 798 2670 publice
822 2595 1053 2671 protestamur,
1079 2594 1164 2671 quod
1187 2593 1251 2657 fide
1275 2594 1355 2657 data
1378 2590 1583 2673 promisimus
1608 2597 1642 2657 et
1665 2611 1818 2674 corpora-

159 2696 239 2761 liter
255 2694 458 2777 prestitimus
474 2694 702 2775 iuramentum,
728 2697 813 2775 quod
829 2696 1016 2778 generalem
1033 2716 1146 2778 pacem
1163 2704 1261 2779 terre,
1280 2718 1376 2779 quam
1392 2717 1451 2764 vos
1468 2705 1665 2780 cooperante
1682 2697 1818 2780 spiritus

160 2801 271 2867 sancti
294 2801 408 2884 gracia
431 2804 473 2866 ad
497 2802 651 2867 honorem
682 2800 733 2867 dei
757 2807 791 2867 et
814 2801 952 2868 salutem
978 2802 1083 2868 tocius
1107 2804 1214 2885 patrie
1238 2804 1417 2870 ordinastis
1441 2811 1475 2870 et
1498 2804 1664 2870 statuistis
1688 2825 1708 2870 a
1731 2803 1817 2871 festo

159 2912 260 2973 beate
276 2908 466 2991 Margarete
491 2908 635 2989 proxime
660 2907 819 2989 preterito
842 2928 945 2989 usque
970 2912 1011 2974 ad
1036 2912 1147 2976 decem
1171 2930 1274 2976 annos
1298 2910 1428 2977 futuros
1450 2910 1684 2977 inviolabiliter
1707 2913 1818 2977 obser-

161 3018 307 3081 vandam
330 3014 417 3080 omni
433 3014 541 3080 studio
558 3020 592 3080 et
608 3034 692 3097 pura
705 3016 767 3079 fide
785 3016 1031 3081 observabimus
1048 3023 1090 3097 et,
1117 3023 1273 3097 quantum
1293 3017 1481 3099 poterimus,
1507 3015 1666 3085 faciemus
1681 3022 1818 3085 eandem

160 3124 205 3188 eb
229 3122 378 3187 omnibus
401 3121 551 3203 fideliter,
578 3120 753 3187 efficaciter
777 3128 810 3187 et
833 3121 1067 3188 inviolabiliter
1090 3124 1270 3205 observari,
1294 3123 1388 3190 iuxta
1406 3121 1539 3206 formas,
1565 3124 1767 3191 conditiones
1784 3131 1818 3191 et

158 3231 283 3310 modos
309 3227 420 3309 quiin
443 3226 563 3293 litteris
586 3228 709 3293 vestris
734 3247 832 3310 super
855 3228 1037 3295 huiusmodi
1061 3230 1153 3311 pacis
1177 3230 1407 3296 observatione
1423 3228 1583 3296 conlectis
1599 3230 1726 3313 plenius
1742 3251 1817 3298 con-

159 3335 318 3401 tinentur.
355 3334 425 3399 Hec
450 3334 557 3400 omnia
581 3340 615 3399 et
638 3333 768 3417 singula
791 3334 931 3401 fideliter
947 3336 1195 3403 observabimus
1210 3343 1244 3402 et
1259 3336 1490 3419 complebimus
1509 3343 1627 3403 contra
1642 3337 1818 3418 quemlibet

158 3442 331 3523 hominem,
368 3440 496 3507 domino
529 3447 642 3507 nostro
674 3442 725 3505 W.
758 3460 835 3524 rege
868 3442 1089 3508 Romanorum
1121 3442 1243 3509 illustri
1277 3449 1311 3508 et
1342 3443 1523 3509 venerabili
1557 3450 1653 3525 patre
1688 3444 1816 3510 domino

157 3554 275 3614 nostro
301 3588 333 3599 ··
359 3546 605 3628 archiepiscopo
625 3546 811 3613 Coloniensi
834 3550 1007 3613 dumtaxat
1030 3548 1187 3631 exceptis
1213 3569 1294 3629 quos
1316 3548 1351 3614 in
1373 3550 1435 3615 hoc
1458 3549 1646 3632 specialiter
1668 3551 1817 3617 volumus

157 3656 332 3720 honorare.
385 3653 420 3719 Si
444 3659 553 3719 autem
582 3653 646 3735 ipsi
676 3673 758 3736 pace
787 3653 971 3719 huiusmodi
998 3638 1078 3724 non
1096 3661 1231 3722 servata
1261 3656 1356 3721 nobis
1384 3657 1438 3722 vel
1468 3656 1571 3738 vobiS,
1603 3660 1687 3737 quod
1718 3656 1815 3739 absit,

156 3760 298 3827 iniurias
328 3759 382 3827 vel
415 3760 583 3826 molestias
617 3759 814 3843 irrogarent,
846 3780 905 3826 nos
942 3764 983 3827 ad
1015 3762 1294 3843 propulsationem
1325 3762 1402 3828 talis
1432 3761 1549 3829 iniurie
1579 3763 1633 3830 vel
1662 3763 1816 3830 violentie

158 3874 279 3933 eontra
294 3866 395 3949 ipsos,
422 3874 579 3948 quantum
596 3867 783 3949 poterimus,
802 3886 1011 3950 opponemus.
1048 3870 1087 3933 In
1105 3869 1324 3951 predictorum
1344 3870 1564 3935 testimonium
1580 3875 1614 3935 et
1628 3869 1817 3935 firmitatem

157 3993 329 4040 commune
353 3974 494 4058 sigillum
519 3974 665 4041 civitatis
689 3974 890 4041 Coloniensis
915 3966 1123 4056 presentibus
1154 3976 1303 4042 duximus
1334 3978 1592 4059 appendendum.
1639 3977 1760 4042 Actum
1783 3982 1818 4042 et

156 4084 274 4147 datum
305 4080 446 4163 Colonie,
484 4100 569 4147 anno
605 4079 726 4146 domini
758 4080 926 4146 millesimo
958 4060 1018 4147 bd.
1051 4082 1318 4167 quinquagesimo
1353 4088 1481 4165 quarto,
1518 4081 1663 4149 crastino
1699 4089 1817 4150 octave

156 4186 345 4271 epyphanie
369 4186 500 4253 domini.
604 4272 606 4276 ,
1641 4174 1644 4177 ⁴

377 4328 425 4384 Or.
453 4330 541 4400 Ppmt.
570 4329 619 4383 orit
645 4330 847 4384 eerbroeheaenc
874 4329 962 4399 Siepel
989 4348 1027 4384 aa
1052 4332 1234 4401 peda-rothen
1263 4331 1456 4397 Seideafdden.
1512 4330 1679 4386 suade-Bibe.
1708 4332 1816 4399 Maiae,

426 4418 481 4473 No.
493 4422 536 4473 32.
556 4448 589 4456 -
610 4418 768 4484 Grotefehd.

374 4506 473 4562 dede:
491 4508 535 4575 Β,
554 4509 590 4563 93
614 4508 684 4561 uach
709 4508 768 4561 dem
789 4508 836 4563 Or.
881 4507 1045 4562 Aueaerdem
1070 4508 1152 4574 Boos,
1182 4508 1264 4563 Urhb.
1281 4508 1330 4562 der
1347 4508 1429 4563 stadt
1443 4508 1559 4577 Worme,
1578 4508 1604 4574 Ι,
1624 4512 1676 4563 171
1690 4530 1723 4553 --
1737 4508 1814 4563 Mon.

427 4594 526 4664 Germ,
545 4596 582 4649 4⁰.
621 4594 742 4664 Oouetit,
761 4596 805 4663 H,
825 4600 885 4652 590.

378 4684 471 4739 Vera:
489 4684 592 4739 B.·W.
613 4684 665 4739 No.
681 4688 776 4739 11699.

156 4961 252 5039 190.
274 4969 344 5035 Der
375 4972 568 5037 Schulthee‘ss
594 4970 777 5053 Wolfrura,l
809 4972 859 5036 dte
890 4972 1002 5051 Ruter,
1036 4974 1086 5037 elic
1117 4974 1263 5054 Srbdffeu
1295 4974 1361 5037 erud
1388 4973 1518 5057 Br'r'rper
1550 4995 1610 5037 ereo
1632 4972 1667 5037 F
1665 4973 1817 5054 ruhhfmi

276 5079 444 5159 helcaim,
475 5080 553 5144 dass
583 5080 633 5143 die
665 5078 829 5144 Gebrdder
855 5079 983 5145 Weraer
1013 5080 1079 5143 ruehl
1105 5078 1243 5181 Gerlach
1265 5081 1388 5145 scheon
1414 5080 1478 5162 auf
1502 5081 1553 5145 de'e
1579 5080 1760 5145 7Moasea
1781 5084 1817 5145 ia

214 5310 222 5340 ¹
241 5308 302 5362 Der
314 5308 477 5364 Schultbeiss
491 5307 628 5373 Wolfrcm
646 5326 698 5363 voh
712 5309 872 5375 Franlefurt
890 5310 960 5363 werd
1019 5309 1082 5363 Urh.
1098 5310 1145 5363 dee
1158 5310 1278 5364 Kourad
1295 5328 1347 5364 oon
1361 5312 1521 5381 Domburp,
1537 5312 1588 5379 apl.
1601 5310 1815 5378 Kuehenbeelcer,

154 5396 347 5451 wdhrenddea
358 5396 458 5451 Jahrea
473 5400 542 5452 1255
560 5398 591 5451 ia
605 5398 797 5452 dreianderen
812 5398 960 5452 Urhundea
1014 5399 1097 5451 Aeol.
1117 5399 1211 5466 Haeo,
1230 5399 1269 5467 ΙΙ,
1287 5402 1348 5453 245.
1386 5399 1678 5466 clStodeh,1255in
1695 5398 1816 5453 Urhdee

154 5487 199 5540 ala
225 5485 316 5555 Zeupe
339 5492 477 5555 genennt:
495 5485 522 5552 a)
540 5484 669 5551 Wetzlur,
696 5488 766 5539 1255
784 5486 855 5555 Aug.
871 5491 905 5540 10
930 5486 960 5540 in
1017 5487 1133 5540 Gerlach
1157 5504 1209 5541 verr
1228 5487 1364 5558 Irenburp
1387 5488 1437 5553 fdr
1455 5488 1568 5541 Kloeter
1586 5488 1815 5559 haemmi.

158 5574 226 5629 Ure.
246 5574 293 5628 dee
311 5572 419 5640 Grasea
436 5574 548 5643 Adelph
565 5590 618 5627 von
636 5574 765 5629 Waldeck
782 5575 831 5640 (dr
847 5575 961 5629 Klorter
1014 5574 1115 5629 Arnsb.
1134 5575 1224 5643 Urba,
1246 5580 1308 5644 209,
1334 5576 1439 5644 (tuden,
1464 5575 1526 5630 Ood.
1546 5576 1634 5645 Dipl,
1653 5575 1715 5642 ΙΙΙ,
1737 5578 1813 5629 1124.

153 5664 312 5733 Anmburp,
320 5662 456 5733 oplffiea
465 5663 574 5729 Archi-o,
583 5662 608 5731 1,
616 5667 676 5717 419.
702 5662 959 5729 B.·W.N0.11722,
1019 5664 1113 5717 Vere..-
1131 5663 1236 5730 Scriba,
1255 5664 1299 5732 II,
1318 5665 1371 5718 No.
1389 5667 1449 5719 477.

154 5750 186 5820 b)
208 5751 317 5819 Maior,
337 5754 406 5805 1255
424 5750 497 5821 Sept.
510 5755 547 5805 20
566 5752 608 5817 (io
627 5752 678 5822 bip.
692 5750 716 5804 b.
731 5751 839 5806 Mather'
857 5757 915 5821 ap.)
930 5754 961 5806 in
