4400 6384
398 271 462 336 104
904 268 973 321 12ὀῖ
993 267 1151 336 September
1168 267 1186 321 8
1206 298 1238 307 -
1259 266 1327 321 1257
1347 266 1504 336 September
1522 268 1546 321 8.

398 455 490 531 216.
513 465 624 549 Kb'rcip
654 466 799 531 Richord
822 466 994 546 ccc-spriclt
1021 466 1081 529 (lca
1110 464 1330 546 Frotclcfurtcr
1352 466 1505 550 Bic'rpccn
1530 467 1693 531 imrcrlcolb
1716 468 1802 531 ihrer·
1824 468 1918 532 scam
1946 468 2054 531 ircim

514 573 697 657 bucpliclcco
720 572 797 637 Boe
828 574 1009 656 cccccclcqccc,
1041 573 1133 652 ccccm,
1164 573 1244 654 fulls
1276 594 1310 636 cr
1341 595 1406 637 com
1433 572 1550 655 Popstc
1582 574 1756 655 ccrcoorfcn
1787 575 1853 638 ami
1882 577 1935 639 cin
1959 575 2053 638 rcclcl-

512 683 667 764 ruc'issc'pcr
690 679 801 764 Kciccc'p
828 700 926 763 chccc
953 680 1009 743 ilc-a
1032 680 1213 764 uccfpcstcllt
1235 680 1358 744 mercica
1381 681 1477 759 sollte,
1501 681 1553 744 clc'c
1571 681 1742 764 pecie-cbtcn
1757 681 1888 765 Biirpcr
1910 682 1968 745 cler
1991 682 2052 745 ihm

511 786 686 870 pelcistctca
709 786 901 870 Huldipuup
925 788 1080 851 ccetlusscu
1103 809 1144 851 ccc
1171 788 1288 851 coelica.
1335 787 1460 866 Maior,
1487 792 1577 851 1257
1598 789 1773 868 September
1796 793 1826 851 8.

504 926 667 993 Ricardus
700 927 752 994 dei
774 928 887 1011 gracia
912 930 1134 995 Romanorum
1157 950 1225 1011 rex,
1251 950 1379 1011 semper
1403 937 1573 1013 augustus.
1620 928 1793 997 Universis
1817 930 1903 996 sacri
1927 929 2054 1012 impen'i

395 1034 536 1101 Romani
558 1034 708 1101 fidelibus
722 1034 748 1109 ll
762 1042 933 1117 presentes
954 1035 1085 1103 litteras
1101 1037 1311 1120 inspecturis,
1328 1037 1472 1120 graciam
1489 1057 1582 1104 suam
1598 1044 1632 1103 et
1647 1058 1740 1103 omne
1756 1039 1885 1103 bonum.
1927 1038 2052 1102 Tenere

396 1140 596 1223 presentium
621 1142 812 1224 simpliciter
836 1149 1068 1226 protestamur,
1088 1143 1114 1217 ll
1131 1164 1191 1210 nos
1215 1145 1342 1211 civibus
1361 1143 1729 1211 Frankenlurdensc'bus
1752 1144 1881 1210 dilectis
1904 1144 2054 1210 fidelibus

396 1249 518 1315 nostris
541 1249 693 1332 legaliter
716 1248 914 1331 promisisse,
939 1253 1024 1331 quod
1048 1248 1137 1317 inlra
1160 1270 1269 1317 muros
1286 1250 1433 1318 civitatis
1449 1251 1552 1333 ipsius
1568 1251 1591 1323 ll
1606 1252 1646 1317 de
1662 1248 1917 1317 Frankenfurde
1933 1250 2052 1316 nullam

396 1356 610 1422 municionem
633 1357 687 1423 vel
709 1363 854 1423 castrum
878 1356 1009 1438 aliquod
1033 1364 1268 1425 construemus.
1316 1359 1362 1424 Et
1386 1358 1415 1423 si
1436 1357 1524 1425 lorte
1548 1379 1569 1425 a
1591 1358 1798 1425 sanctissimo
1822 1365 1920 1439 patre
1942 1365 2054 1424 nostro

397 1462 524 1529 domino
543 1516 575 1527 ..
602 1483 723 1530 summo
749 1462 900 1545 pontifice
925 1462 1091 1545 fuerimus
1118 1469 1202 1546 quod
1227 1466 1324 1546 absit,
1350 1486 1408 1547 per
1431 1465 1634 1532 diffinitivam
1658 1465 1856 1532 sentenciam
1873 1465 2053 1547 reprobati

398 1576 432 1635 et
462 1569 546 1635 alius
576 1591 635 1636 rex
666 1578 783 1637 contra
813 1590 872 1636 nos
903 1570 1061 1655 erigatur,
1094 1572 1149 1653 qui
1178 1577 1220 1639 ad
1251 1575 1421 1640 obtentum
1452 1573 1546 1657 regni
1576 1579 1610 1639 ct
1639 1572 1768 1655 imperii
1789 1571 1932 1639 Romani
1963 1571 2055 1637 nobis

397 1676 505 1757 potior
529 1677 573 1742 sit
595 1677 629 1743 in
651 1678 731 1759 iure,
758 1677 929 1758 dictusque
953 1697 1095 1744 summus
1112 1678 1261 1761 pontifex
1277 1680 1521 1760 prenominatos
1538 1680 1627 1746 cives
1643 1687 1676 1745 et
1693 1679 1775 1745 alios
1790 1679 1904 1744 fideles
1920 1686 2055 1745 nostros

398 1786 439 1849 ad
464 1788 677 1851 auertendum
702 1804 757 1851 eos
782 1806 803 1851 a
825 1785 900 1851 fidei
924 1792 1035 1851 nostre
1060 1786 1149 1851 cultu
1174 1806 1233 1867 per
1256 1787 1455 1853 sentenciam
1477 1786 1647 1853 interdicti
1662 1794 1696 1853 et
1711 1785 2056 1853 excommunicationis

398 1891 578 1957 artaverit:
604 1894 671 1959 Nos
695 1892 785 1975 ipsos
809 1899 929 1959 extunc
953 1913 974 1959 a
996 1893 1166 1959 fidelitatis
1190 1894 1284 1959 nobis
1307 1894 1446 1977 prestito
1470 1893 1653 1960 iuramento
1670 1901 1705 1959 et
1723 1894 1765 1959 ab
1782 1891 1869 1958 omni
1884 1892 2054 1974 promisso,

399 2018 461 2078 quo
495 1998 588 2065 nobis
622 1998 707 2065 sicut
739 1999 850 2065 fideles
882 1999 1010 2081 imperii
1043 2007 1120 2065 sunt
1153 2000 1293 2080 astricti,
1325 2000 1525 2067 dimittemus
1556 2007 1590 2066 et
1613 2000 1901 2082 pronunciabimus
1925 1999 2055 2080 penitus

398 2104 575 2171 absolutos.
632 2107 672 2171 In
709 2106 800 2171 cuius
834 2106 883 2171 rei
918 2106 1138 2173 tesfimonium
1174 2114 1344 2190 presentes
1377 2106 1508 2174 litteras
1541 2106 1658 2173 exinde
1688 2105 1850 2172 conscribi
1881 2112 1916 2171 et
1949 2105 2055 2189 sigillo

397 2210 580 2313 maiestatis
597 2221 708 2280 nostre
725 2213 877 2279 iussimus
894 2213 1091 2279 communiri.
1133 2216 1256 2281 Datum
1271 2215 1449 2298 Maguntc'c,
1468 2215 1562 2279 VIII.
1580 2213 1632 2279 die
1648 2212 1853 2295 septembris,
1878 2211 2054 2278 indictione

402 2318 474 2383 XV.
522 2319 618 2385 Anno
642 2319 763 2385 domini
786 2322 825 2385 fir.
844 2314 886 2386 cb.
904 2320 964 2385 1³¹⁰.
990 2320 1138 2401 septimo.
1186 2320 1294 2405 Regni
1317 2341 1395 2387 vero
1419 2321 1526 2386 nostri
1549 2340 1635 2386 anno
1659 2320 1772 2401 pfimo.

613 2460 659 2515 Or.
673 2461 760 2531 Ppmt.
774 2462 823 2515 mit
843 2463 1034 2531 beocbddiptcm
1048 2462 1136 2532 Sicpcl
1155 2465 1221 2527 (rot)
1240 2480 1279 2517 aa
1296 2464 1475 2533 calb-gratam
1486 2462 1678 2527 Seidensfideu.
1698 2460 1737 2516 St.
1748 2460 1783 2514 A.
1799 2460 1849 2515 rr.
1861 2457 1937 2514 Prie.
1948 2461 2003 2515 No.
2015 2465 2054 2514 10.

613 2549 695 2603 chc.
709 2552 779 2604 nacla
793 2551 851 2603 dem
867 2550 927 2605 Oa:
945 2551 978 2605 P.
989 2558 1013 2606 ct
1027 2552 1069 2620 P,
1082 2552 1108 2620 Ι,
1122 2556 1146 2618 6,
1160 2551 1203 2620 ΙΙ,
1215 2556 1239 2619 5,
1248 2574 1281 2599 ==
1290 2553 1392 2623 Male,
1403 2551 1437 2605 R.
1448 2554 1482 2605 Α.
1498 2554 1540 2619 13,
1555 2556 1608 2606 560
1617 2574 1649 2597 =
1659 2551 1792 2618 (lebnam,
1806 2550 1897 2605 moen
1909 2550 2054 2613 Richards,

666 2646 683 2693 3
721 2681 726 2691 .
748 2641 780 2693 B.
811 2645 843 2693 11
857 2645 869 2693 '.

617 2645 810 2783 Verri-OBeil.
825 2646 877 2785 llio.
892 2734 969 2784 5318.
1007 2730 1058 2784 Fr.
1072 2731 1189 2798 Iacent,
1202 2729 1264 2797 ΙΙΙ,
1285 2735 1309 2798 1,
1320 2735 1346 2783 2.

614 2818 673 2871 Ec'a
690 2818 803 2888 pleicbcs
821 2818 942 2889 Privilcp
960 2819 1087 2873 ecbiclten
1106 2836 1150 2872 am
1168 2818 1287 2888 plcicbea
1308 2820 1382 2888 Toqc
1398 2819 1457 2872 und
1477 2819 1542 2874 Orto
1559 2818 1604 2872 die
1622 2818 1742 2872 anderen
1760 2818 2056 2872 dreill'cttcrcuiecfiea

665 2906 859 2974 Rciclcsctddtc‚
878 2908 1038 2977 Fricdbcrq,
1053 2908 1138 2961 n-F.
1154 2908 1206 2961 No.
1222 2912 1300 2974 5320,
1311 2907 1441 2976 Wctrlur,
1456 2908 1493 2961 ib.
1514 2908 1566 2961 No.
1582 2911 1653 2961 5322
1669 2908 1729 2961 accc
1747 2907 1928 2975 Gclnbouseu,
1948 2906 2056 2961 Mae

665 2996 690 3047 Ι.
713 2994 741 3048 S.
759 3000 815 3049 237
832 2997 884 3051 No.
905 3000 965 3051 325.

399 3253 490 3331 217.
514 3262 624 3347 Kc'im'p
648 3263 792 3329 Ricburcl
816 3266 961 3349 bestitipt
983 3266 1043 3330 clcu
1058 3266 1212 3349 Biicpcrcr
1234 3287 1290 3330 von
1308 3264 1341 3328 F
1340 3265 1492 3347 raulfe-ct
1507 3268 1551 3329 im-
1566 3266 1770 3350 ollpcmcc'nca
1787 3266 1853 3330 ilcce
1868 3264 1902 3328 F
1900 3266 2052 3339 rotheim,

514 3371 628 3435 Rccbtc
658 3372 724 3435 und
748 3370 949 3456 Prc'oc'lcqc'cm
975 3376 1068 3437 sowic
1097 3374 1165 3437 ibrc
1187 3378 1282 3456 putea
1306 3372 1555 3451 Gcwolcnbcc'tcn,
1579 3372 1798 3437 iccsbcsomicrc
1820 3372 1895 3437 eber
1918 3376 2054 3455 peccaset

514 3479 580 3542 omi
605 3479 775 3559 ocrspricbt
798 3500 832 3542 cr
855 3480 948 3543 iborea
971 3480 1123 3543 claraclara
1146 3484 1179 3543 iu
1204 3479 1316 3563 Beraq
1340 3477 1404 3561 auf
1423 3477 1617 3562 Elccrccoccp,
1644 3478 1973 3562 Gcfonpcuncbmcmp
1995 3481 2054 3542 ciu-

514 3586 618 3649 aolocc
648 3584 787 3669 Biirpcr,
828 3584 1168 3651 Uarcrc'icasserlc'clcbcit
1190 3586 1246 3650 der
1280 3586 1543 3650 dicereeas—ctat
1573 3584 1791 3649 Reaacscmce
1830 3606 1896 3649 com
1932 3584 2052 3659 Recte,

517 3691 830 3774 Stecccrpsliclctiqkeit
852 3693 908 3756 cicc
934 3693 1043 3771 Giitcr,
1074 3693 1298 3777 Abscicoffunq
1328 3693 1385 3757 der
1412 3692 1523 3776 Voptci
1553 3692 1618 3757 ccccl
1640 3691 1819 3773 Einlc'inftc
1841 3692 1897 3757 der
1920 3691 2052 3755 Rrsclc.

515 3799 640 3877 Maior,
666 3803 757 3862 1257
778 3800 954 3880 September
977 3806 1007 3863 8.

507 3940 671 4005 Ricardus
703 3939 755 4005 dei
779 3940 891 4023 gracia
915 3942 1136 4007 Romanorum
1160 3960 1227 4021 rex,
1254 3960 1383 4021 semper
1406 3946 1577 4023 augustus.
1626 3938 1798 4005 Universis
1822 3938 1910 4005 sacri
1933 3937 2055 4022 imperii

400 4045 541 4113 Romani
556 4046 705 4111 fidelibus
722 4054 891 4127 presentes
908 4048 1038 4113 litteras
1054 4046 1262 4129 inspecturis,
1279 4046 1313 4112 in
1331 4052 1532 4129 perpetuum.
1563 4045 1740 4127 Cupientes
1751 4044 1828 4117 llad
1843 4045 2055 4112 imitationem

401 4152 548 4218 diuorum
571 4153 805 4234 imperatorum
830 4155 1051 4220 Romanorum
1076 4161 1109 4220 et
1128 4174 1242 4237 regum
1258 4157 1525 4235 predecessorum
1542 4160 1728 4219 nostrorum
1744 4155 1881 4219 devotos
1897 4160 1933 4219 et
1948 4153 2055 4219 fideles

402 4260 489 4326 sacri
512 4260 653 4325 Romani
682 4259 810 4340 imperii
840 4260 1026 4341 specialiori
1050 4260 1204 4342 prosequi
1227 4260 1339 4343 gracia
1357 4260 1381 4331 ll
1400 4268 1433 4326 et
1457 4258 1584 4340 lavore,
1610 4258 1739 4326 dilectis
1761 4258 1914 4325 fidelibus
1937 4260 2055 4327 nostris

400 4366 563 4433 umversis
593 4366 719 4433 civibus
749 4368 789 4431 de
818 4365 1066 4433 Frankenloert
1096 4387 1207 4433 omnes
1237 4366 1470 4446 immunitates
1499 4366 1684 4446 libertates,
1716 4366 1791 4432 iura
1821 4373 1854 4432 et
1884 4365 2056 4449 privilegia

401 4471 482 4554 ipsis
506 4493 527 4539 a
550 4473 635 4539 dlvis
666 4472 920 4555 imperatoribus
939 4471 963 4547 ll
981 4481 1015 4540 et
1045 4474 1178 4557 regibus
1197 4474 1355 4540 Romanis
1386 4472 1673 4555 predecessoribus
1697 4472 1820 4538 nostris
1844 4492 2004 4539 concessa
2026 4479 2056 4537 et

402 4600 512 4646 eorum
545 4580 797 4646 consuetudines
831 4582 1034 4662 approbatas
1069 4581 1269 4647 auctoritate
1300 4580 1423 4665 regalis
1454 4579 1603 4645 culminis
1634 4580 1878 4659 confirmamus3
1910 4580 2056 4662 predicta

400 4687 474 4753 iura
504 4694 537 4753 et
568 4687 739 4753 libertates
770 4707 835 4752 non
865 4686 1018 4769 minuere,
1045 4690 1102 4753 sed
1133 4707 1256 4771 augere
1284 4708 1344 4769 pro
1375 4687 1500 4753 viribus
1528 4687 1750 4767 disponentes.
1797 4688 1958 4752 Preterea
1979 4684 2055 4768 ipsis

403 4792 592 4876 specialiter
616 4794 765 4860 duximus
789 4794 1031 4877 indulgendum,
1058 4814 1097 4860 ne
1122 4794 1240 4876 aliquis
1264 4794 1382 4859 civium
1407 4793 1628 4875 predictorum
1651 4792 1752 4858 filiam
1774 4793 1827 4859 vel
1842 4800 1974 4874 neptem
1990 4793 2055 4859 sive

402 4900 676 4985 consanguineam
701 4904 833 4967 tradere
856 4902 890 4967 in
913 4921 1047 4967 uxorem
1070 4901 1172 4967 'alicui
1194 4921 1253 4982 per
1269 4921 1329 4966 nos
1346 4903 1469 4981 absque
1486 4919 1544 4966 suo
1561 4901 1656 4983 pleno
1674 4918 1835 4965 consensu
1852 4899 2054 4980 aliquatenus

402 5008 625 5088 compellatur.
668 5010 818 5089 Insuper,
844 5011 929 5089 quod
953 5008 1060 5074 nullus
1085 5008 1203 5075 civium
1228 5007 1448 5089 predictorum
1473 5027 1531 5088 per
1555 5026 1615 5072 nos
1638 5006 1692 5072 vel
1714 5026 1774 5087 per
1798 5006 1937 5087 aliquem
1961 5005 2052 5071 alium

401 5121 515 5182 nostro
539 5114 667 5181 nomine
692 5134 750 5196 pro
771 5114 881 5195 aliqua
900 5114 1039 5197 pecunia
1055 5117 1280 5195 extorquenda
1297 5116 1338 5179 ab
1355 5114 1426 5194 ipso
1443 5113 1656 5197 singulariter
1671 5113 1880 5194 aliquatenus
1897 5113 2049 5194 capiatur.

401 5225 454 5291 Ad
484 5225 544 5289 lrec
573 5222 774 5304 presentium
805 5231 919 5288 tenore
950 5221 1171 5303 promittimus
1202 5229 1235 5287 et
1265 5220 1456 5303 simpliciter
1484 5228 1717 5302 protestamur,
1742 5223 1828 5303 quod
1852 5217 2049 5306 cisitate[s]¹

401 5328 752 5412 Frankcniurdenscm,
767 5330 1067 5413 Fridebergenscm,
1077 5331 1118 5393 W
1120 5328 1335 5395 etfiarienscm
1351 5337 1385 5393 et
1398 5328 1718 5411 Gheylenbusenscm
1733 5347 1754 5394 a
1770 5326 1864 5393 nobis
1877 5334 1912 5393 et
1922 5324 2046 5407 imperio

402 5438 589 5503 nullatenus
613 5438 758 5504 alienare
783 5457 840 5502 seu
864 5456 1021 5518 separare
1040 5437 1198 5518 volumus,
1224 5437 1282 5501 sed
1298 5455 1355 5501 eas
1371 5432 1546 5500 inmediatc
1563 5434 1657 5499 nobis
1673 5441 1707 5499 et
1722 5432 1859 5515 imperio
1875 5448 2042 5499 reservare.

401 5546 558 5611 Preterea
582 5545 756 5612 statuimus
781 5551 814 5611 et
837 5548 1038 5625 mandamus
1064 5550 1101 5609 ut
1125 5543 1234 5609 omnia
1256 5545 1344 5608 bona
1359 5548 1392 5608 et
1409 5539 1533 5624 predia,
1559 5561 1621 5623 que
1637 5542 1797 5607 hactenus
1813 5559 1885 5607 eum
1900 5534 2042 5623 predictis

668 5744 693 5788 a)
708 5738 759 5782 Dor
774 5738 843 5782 lctrtc
856 5738 994 5782 Buclretabe
1008 5738 1042 5781 ist
1055 5736 1246 5792 abpespmcapec.
