4400 6384
400 319 420 382 2
1053 314 1106 369 sas
1124 314 1232 369 sanun
1249 313 1267 368 s
1286 343 1321 354 -
1338 313 1400 368 sm.
1472 285 1475 290 ’

397 507 435 580 5.
460 513 597 597 Ludwig
626 514 682 578 der
709 512 858 578 Frommc
896 516 1048 577 restitaret
1078 513 1145 577 dean
1175 511 1307 577 Klostcr
1335 512 1507 576 Hornbcclo
1535 517 1666 596 paroisse
1697 511 1901 590 Lfirulerer'en,
1943 511 2046 575 reclclrc

463 621 520 684 der
551 620 649 685 Actor
685 620 862 684 dorninr'cns
892 619 1090 684 Nantcarius
1120 620 1170 682 als
1198 641 1273 683 aron
1300 619 1469 704 Fiscclput
1496 618 1529 682 F
1530 621 1680 701 resultari
1708 620 1838 703 qurdm'p
1867 622 2045 702 cirrpezopen

464 727 555 792 butte.
603 731 668 790 823
690 727 823 792 Jonuor
846 731 876 790 8.

503 869 542 934 In
566 868 694 935 nomine
718 867 838 934 domini
861 866 913 934 dei
936 874 970 934 et
994 868 1172 935 salvatoris
1195 867 1301 934 nostri
1323 870 1406 934 Jesu
1430 869 1561 935 Christi.
1602 868 1815 934 Hludowicus
1838 866 1951 933 divina
1966 865 2047 932 ordi·

396 982 496 1042 nante
521 974 732 1058 providencia
754 974 934 1056 imperator
957 981 1127 1058 augustus.
1175 977 1296 1042 Notum
1319 995 1391 1042 esse
1415 975 1563 1042 volumus
1588 975 1715 1041 cunctis
1737 975 1888 1041 fidelibus
1918 973 2045 1053 nostris,

396 1082 625 1164 praesentibus
656 1080 780 1148 scilicet
811 1088 845 1147 et
867 1079 999 1163 futuris,
1031 1081 1109 1163 quia
1132 1082 1246 1148 adiens
1277 1083 1489 1149 serenitatem
1520 1081 1668 1149 culminis
1697 1081 1803 1149 nostri
1832 1081 1884 1148 vir
1913 1079 2046 1146 illustris

395 1189 599 1255 Lantbertus
616 1207 722 1254 comes
739 1188 904 1272 suggessit
920 1189 1024 1270 nobis,
1041 1209 1079 1254 eo
1096 1192 1181 1271 quod
1198 1187 1329 1270 quidam
1352 1196 1446 1256 actor
1461 1188 1640 1256 dominicus
1659 1188 1788 1254 nomine
1803 1187 2046 1254 Nantcharius⁸

396 1316 436 1362 ex
458 1296 537 1362 fisco
560 1300 673 1362 nostro
689 1293 941 1362 Franconolurd
965 1296 1147 1378 proprisset
1170 1303 1317 1378 tempore
1333 1296 1454 1362 donini
1469 1303 1503 1362 et
1518 1296 1678 1380 genitoris
1695 1295 1801 1362 nostri
1816 1293 1932 1362 Karoli
1945 1295 2047 1358 bonae

395 1401 569 1469 memoriae
593 1402 731 1485 piissimi
759 1402 968 1485 imperatoris
998 1406 1157 1485 quasdam
1186 1423 1250 1485 res,
1282 1403 1315 1469 id
1345 1410 1397 1470 est
1425 1410 1533 1469 terras
1563 1409 1596 1469 et
1621 1403 1723 1470 silvas
1746 1410 1780 1468 et
1811 1409 1919 1485 prata,
1953 1420 2047 1482 super

395 1510 561 1575 marcham
586 1529 687 1591 suam,
712 1529 796 1590 quae
820 1515 871 1575 est
894 1529 935 1576 ex
957 1510 1156 1577 monasterio
1181 1530 1249 1591 suo,
1275 1513 1360 1592 quod
1384 1509 1504 1576 dicitur
1527 1509 1721 1576 Orombacb.
1769 1511 1837 1576 Nos
1859 1528 1938 1576 vero
1965 1508 2047 1572 banc

396 1635 464 1681 rem
487 1615 639 1682 iussimus
654 1615 849 1699 investigari
865 1615 983 1682 dilecto
1000 1616 1065 1682 filio
1089 1624 1202 1684 nostro
1220 1617 1393 1684 Hlothario
1416 1615 1617 1699 imperatori,
1642 1636 1768 1683 necnon
1788 1622 1822 1682 et
1837 1611 2047 1680 Mantfiredob

394 1722 548 1788 inlustri⁰
571 1723 652 1788 viro.
690 1723 812 1789 Postea
834 1723 970 1791 veniens
1001 1727 1042 1789 ad
1066 1743 1126 1790 nos
1149 1725 1338 1807 Wyrundus
1362 1724 1524 1806 praedicti
1539 1724 1737 1790 venerabilis
1753 1721 1945 1789 monasterii
1964 1721 2048 1786 abba

396 1832 531 1896 eandem
563 1849 696 1896 causam
726 1828 819 1896 nobis
850 1829 1025 1914 suggessit.
1082 1831 1152 1896 Nos
1181 1830 1300 1896 iterum
1330 1830 1483 1897 iussimus
1513 1827 1726 1898 blantlredo‘¹
1756 1837 1791 1896 et
1827 1828 1909 1895 alios
1938 1825 2048 1893 fideles

396 1941 526 2002 nostros
549 1937 635 2002 hanc
659 1955 727 2001 rem
750 1935 925 2020 diligenter
948 1943 1047 2017 atque
1064 1936 1229 2003 subtiliter
1248 1936 1422 2018 inquirere.
1466 1937 1530 2023 Qui
1553 1938 1639 2004 sicut
1654 1937 1748 2003 nobis
1763 1934 2047 2011 renunciaverunt,

395 2041 592 2108 invenerunt
622 2062 681 2125 per
710 2043 949 2109 Hruotbertum
980 2042 1129 2108 comitem
1159 2049 1194 2109 et
1224 2049 1351 2109 ceteros
1381 2043 1506 2110 nobiles
1538 2064 1577 2110 ac
1612 2063 1748 2111 veraces
1782 2041 1928 2108 homines
1963 2039 2049 2105 circa

395 2155 575 2230 manentes,
601 2152 686 2230 quod
710 2148 898 2231 praedictus
922 2149 1170 2216 Nantcbarius⁸
1200 2169 1272 2215 cum
1302 2149 1408 2217 servis
1438 2150 1608 2217 dominicis
1631 2150 1752 2216 iniuste
1781 2150 1887 2232 ipsam
1915 2145 2049 2214 investi·

397 2260 504 2322 turam
528 2259 568 2322 de
592 2262 758 2338 potestate
783 2256 946 2338 praedicti
967 2255 1159 2323 monasterii
1188 2255 1382 2322 abstulisset
1411 2263 1444 2322 et
1476 2277 1534 2339 per
1564 2257 1728 2323 iusticIam
1758 2262 1791 2322 et
1821 2253 2048 2321 rectitudinem

395 2360 483 2427 inter
505 2367 653 2428 nostram
676 2368 710 2428 et
733 2361 895 2444 praedicti
917 2361 1110 2428 monasterii
1133 2369 1260 2444 partem
1285 2382 1356 2428 esse
1380 2365 1532 2446 debebat,
1564 2371 1598 2430 et
1622 2367 1706 2446 quod
1738 2362 1888 2446 predicta
1917 2360 2050 2426 marcha

396 2467 503 2535 divisa
535 2475 623 2534 esset
655 2469 688 2535 in
720 2468 785 2550 via,
820 2488 904 2550 quae
937 2468 1057 2534 dicitur
1080 2468 1291 2550 Talanwecl,
1325 2475 1359 2534 et
1390 2469 1466 2535 inde
1498 2473 1541 2536 ad
1574 2469 1826 2551 Geroldisphad‚
1861 2466 1977 2533 deinde
2010 2467 2049 2531 ad

396 2572 681 2658 Wisigartaweck.
733 2575 795 2641 Sed
827 2582 861 2642 et
884 2574 1069 2641 Gberoldus
1100 2583 1194 2640 actor
1225 2582 1346 2657 noster,
1378 2575 1433 2657 qui
1463 2576 1668 2658 praedictum
1696 2577 1810 2642 fiscum
1840 2580 1988 2641 nostrum
2018 2571 2050 2637 in

395 2679 574 2748 ministerio
599 2683 708 2763 babet,
733 2682 958 2766 interrogatus
981 2684 1023 2748 ab
1048 2681 1105 2761 eis,
1130 2683 1251 2748 nullam
1274 2682 1323 2748 rei
1346 2683 1575 2749 certitudinem
1592 2683 1698 2765 potuit
1719 2685 1954 2761 demonstrare,
1972 2700 2051 2760 qua-

395 2786 471 2853 liter
495 2791 537 2854 ad
568 2794 713 2854 nostram
739 2795 866 2870 partem
895 2788 1023 2872 legibus
1054 2796 1167 2855 tenere
1198 2788 1369 2872 potuisset.
1417 2790 1463 2855 Et
1492 2789 1564 2856 ideo
1596 2789 1720 2872 placuit
1750 2788 1844 2854 nobis
1875 2790 2050 2853 secundum

395 2895 480 2959 hanc
503 2893 749 2975 inquisicionem
778 2897 914 2961 eandem
944 2897 1110 2962 marcham
1141 2895 1289 2977 predicto
1319 2897 1518 2964 monasterio
1548 2898 1651 2975 reddi,
1684 2897 1769 2962 sicut
1798 2894 1988 2976 inquisitum
2019 2899 2049 2958 et

396 2999 608 3067 testificatum
632 3008 692 3067 est.
740 3001 879 3068 Proinde
908 3004 994 3068 hanc
1018 3003 1252 3070 auctoritatem
1276 3003 1518 3086 praeceptionis
1541 3010 1675 3070 nostrae
1704 3002 1775 3069 fieri
1797 3001 1961 3081 iussimus
1994 3019 2051 3082 per

396 3126 492 3187 quarn
528 3108 745 3191 praecipimus
778 3115 876 3189 atque
908 3109 1065 3191 iubemus,
1099 3117 1135 3175 ut
1163 3110 1249 3175 sicut
1281 3131 1302 3176 a
1333 3110 1482 3176 fidelibus
1515 3111 1637 3178 nostris
1668 3109 1859 3192 inquisitum
1891 3115 1926 3173 et
1958 3107 2050 3173 nobis

395 3213 585 3280 nunciatum
609 3221 669 3297 est,
693 3215 743 3281 ita
766 3216 807 3281 ab
831 3216 987 3283 hodierno
1012 3216 1063 3283 die
1085 3217 1120 3284 in
1138 3225 1303 3299 potestate
1320 3217 1481 3299 praedicti
1495 3216 1687 3283 monasterii
1703 3216 1863 3283 consistat
1880 3220 1913 3281 et
1929 3213 2050 3280 nullam

396 3319 550 3402 deinceps
574 3321 824 3388 commocionem
847 3329 906 3388 aut
930 3322 1147 3406 calumpniam
1171 3330 1229 3390 aut
1252 3323 1384 3405 aliquod
1406 3323 1670 3407 impedimentum
1694 3343 1715 3389 a
1738 3329 1833 3405 parte
1856 3321 1928 3388 fisci
1946 3319 2051 3386 nostn'

397 3445 474 3508 pars
498 3426 659 3508 praedicti
682 3427 875 3494 monasterii
904 3449 938 3494 se
968 3430 1156 3496 habituram
1187 3430 1317 3512 penitus
1345 3430 1565 3513 pertimescat.
1613 3431 1659 3495 Et
1689 3436 1726 3495 ut
1755 3431 1837 3495 haec
1867 3427 2050 3493 auctoritas

394 3531 517 3599 firmior
540 3534 703 3600 habeatur
727 3540 760 3599 et
784 3554 804 3600 a
826 3534 977 3602 fidelibus
1000 3535 1123 3601 nostris
1153 3536 1264 3603 verius
1295 3537 1480 3618 certiusque
1511 3541 1666 3603 credatur
1695 3544 1795 3617 atque
1825 3541 2048 3609 conservetur,

394 3637 435 3704 de
459 3639 602 3705 annuloe
625 3646 738 3706 nostro
763 3642 877 3706 subter
900 3661 972 3708 eam
994 3641 1147 3708 iussimus
1171 3642 1318 3726 sigillari.

502 3746 680 3812 Durandus
704 3746 860 3813 diaconus
884 3751 927 3813 ad
950 3748 1054 3815 vicem
1077 3749 1246 3834 Fridugisi
1269 3751 1470 3834 recognovit.

502 3851 592 3918 Data
615 3853 663 3917 VI
686 3851 759 3918 idus
789 3853 940 3936 ianuarii,
973 3874 1058 3920 anno
1089 3855 1212 3922 christo
1244 3855 1389 3938 propicio
1413 3857 1536 3938 utun,
1567 3855 1695 3938 imperii
1722 3855 1842 3922 domini
1865 3852 2050 3920 Hludowici

397 3955 534 4039 piissimi
557 3959 698 4042 augusti.

610 4101 710 4155 Gedr..·
730 4101 811 4170 Groll,
833 4101 879 4156 Or.
892 4101 1055 4171 Bipont.‚I,
1075 4106 1118 4165 98,
1144 4103 1334 4168 (Tabout'llot),
1354 4102 1427 4157 Hiar.
1447 4103 1480 4158 de
1499 4105 1580 4170 Melz,
1599 4103 1653 4170 IV,
1672 4108 1708 4156 23
1723 4127 1755 4148 =
1770 4103 1872 4173 rupae,
1893 4107 1951 4167 104,
1972 4107 2050 4168 1107,

661 4191 732 4244 Aeto
752 4191 854 4259 Pelet,
878 4190 926 4257 VI,
949 4195 1004 4246 250
1025 4209 1061 4246 ru
1080 4195 1140 4257 822,
1160 4193 1205 4258 B.,
1222 4196 1248 4259 2,
1274 4194 1342 4246 obnc
1363 4193 1586 4263 Quaellenanpobq
1613 4194 1689 4246 Mon.
1703 4193 1779 4247 Boio.
1794 4191 1914 4258 XXXI,
1939 4194 1975 4244 48
2003 4205 2051 4257 „er

661 4278 753 4333 codice
773 4279 990 4333 Danlarlirno'.

614 4367 706 4422 Vera:
724 4367 837 4423 B.-M.
857 4368 923 4439 ch.
938 4369 991 4423 No.
1006 4373 1066 4436 745,
1087 4369 1175 4424 Sickcl
1193 4370 1246 4424 No.
1261 4373 1319 4423 194.
1362 4371 1420 4441 Vqr.
1435 4370 1567 4436 Flcbord,
1586 4371 1767 4439 Entolebunp,
1787 4375 1828 4424 13.

394 4557 432 4633 6.
458 4565 594 4650 Ludwig
629 4567 685 4632 der
718 4566 875 4632 Deulscbe
905 4568 1105 4646 berrrkundrfi
1146 4567 1224 4631 dass
1253 4569 1303 4632 ‹bt›
1331 4567 1427 4632 Fran
1459 4569 1600 4634 Ruotlr'nt
1634 4573 1690 4633 neit
1718 4573 1820 4633 scirem·
1854 4567 2050 4632 Erluubm'ss

460 4675 516 4738 der
538 4675 672 4758 belligero
697 4675 810 4739 Morta
833 4679 867 4739 in
889 4676 945 4740 der
968 4677 1164 4760 bdniqllrbcn
1188 4675 1321 4757 chello
1344 4699 1385 4740 zu
1405 4676 1589 4758 Frcnlfroi
1612 4678 1683 4742 oclrt
1699 4677 1838 4742 Monesen
1856 4698 1898 4739 zu
1911 4675 2048 4739 Horcon

462 4784 505 4844 ina
529 4781 678 4865 Niedpou
700 4783 864 4865 pcscbcald
887 4783 974 4847 bobr.
1024 4783 1152 4862 Trebio,
1178 4788 1252 4846 874.

501 4922 540 4986 In
564 4920 692 4987 nomine
716 4929 852 4988 sanctae
883 4928 916 4988 et
939 4922 1127 4990 individuae
1158 4923 1329 4992 trinitatis,
1376 4926 1604 4992 Hluduvvicus
1634 4925 1746 4992 divina
1776 4923 1910 4993 favente
1939 4925 2050 5008 gratia

395 5047 462 5094 rex.
510 5029 630 5093 Notum
654 5028 698 5094 sit
722 5029 869 5095 omnibus
893 5037 1029 5095 sanctae
1054 5029 1107 5095 dei
1137 5031 1271 5097 ecclesie
1296 5032 1446 5098 fidelibus
1477 5033 1662 5114 nostrisque
1686 5033 1892 5114 presentibus
1923 5031 2049 5097 scilicet

394 5141 428 5201 et
451 5132 583 5216 futuris,
615 5134 756 5216 qualiter
780 5139 918 5217 quedam
941 5135 1064 5202 femina
1093 5137 1222 5204 nomine
1245 5127 1375 5206 Rbtlint
1397 5160 1457 5221 per
1480 5147 1627 5205 nostram
1651 5140 1815 5205 licentiam
1840 5139 1977 5204 tradidit
2006 5142 2048 5204 ad

395 5248 544 5307 sanctam
567 5242 707 5308 Mariam
737 5246 778 5309 ad
809 5251 956 5309 nostram
983 5242 1007 5316 ΙΙ
1025 5244 1184 5326 capellam
1214 5244 1248 5310 in
1272 5244 1517 5312 Franconofurt
1541 5250 1699 5328 quasdam
1729 5267 1782 5312 res
1814 5244 2049 5328 propriaetatis

395 5367 483 5430 suae,
509 5349 727 5417 consistentes
750 5349 785 5416 in
807 5351 952 5417 Francia
974 5351 1007 5417 in
1033 5372 1118 5437 pago
1142 5353 1336 5420 Nitiobevre
1359 5353 1392 5420 in
1424 5353 1581 5419 comitatu
1604 5351 1771 5434 Liutfridi,
1802 5353 1835 5418 in
1865 5353 1956 5433 villa,
1986 5373 2048 5433 que

393 5463 533 5522 vocatur
547 5457 739 5540 Hunnovva‚
764 5457 797 5524 id
821 5465 872 5524 est
895 5479 1011 5526 mansa
1026 5461 1111 5525 VIII
1135 5480 1206 5526 cum
1231 5461 1378 5527 omnibus
1393 5461 1513 5527 ibidem
1528 5461 1722 5527 adiacentiis
1738 5460 1791 5529 vel
1807 5460 2048 5543 pertinentibus

393 5561 427 5626 in
451 5562 548 5629 terris
572 5583 666 5631 secus
690 5565 856 5631 Briubahc
874 5565 900 5639 ll
916 5567 1056 5650 pascuis,
1082 5567 1198 5649 pratis,
1223 5569 1338 5650 vineis
1363 5568 1465 5649 silvia
1491 5567 1595 5649 aquis
1621 5587 1820 5648 aquarumve
1844 5567 2046 5648 decursibus,

659 5775 797 5820 Varlenten
810 5775 853 5820 der
867 5777 1017 5823 Monflolu:
1030 5781 1055 5830 a)
1070 5777 1229 5822 Nuntharlus.
1257 5778 1282 5832 b)
1296 5777 1437 5824 blathlndo.
1465 5781 1487 5832 c)
1502 5777 1601 5822 lllurtrt
1628 5775 1653 5829 d)
1667 5777 1826 5822 Mathrrldun.
1853 5780 1875 5832 e)
1889 5777 1971 5821 anulo.
