4400 6384
921 315 991 370 1292
1010 314 1068 371 Juli
1087 315 1130 370 28.
1780 316 1847 383 305

190 510 328 578 ecclesie
360 512 538 593 deputatus
547 513 584 596 (i)
617 513 658 577 ad
694 510 910 594 colligendam
942 509 1049 593 ipsam
1083 529 1203 577 nonam
1233 510 1400 593 prohibuit
1430 517 1464 578 et
1493 510 1645 594 prohibet
1674 511 1845 579 violenter.

190 617 273 684 Odio
297 617 351 685 vel
374 637 483 684 amore
505 615 573 683 ista
595 636 660 683 non
684 616 772 683 dicit.

300 702 415 790 xiln.
462 724 547 790 Item
569 724 688 788 Petrus
713 723 820 790 dictus
844 726 883 790 dc
899 724 1120 807 Iugelenhem,
1146 723 1323 790 canonicus
1345 723 1482 790 ecclesie
1505 725 1845 808 Frankenvordensia

190 829 321 897 iuratus
345 836 379 896 et
402 836 540 914 rogatus
564 849 663 911 super
686 829 789 911 primo
809 829 948 896 articulo
965 829 1193 897 concordatin
1209 830 1357 896 omnibus
1373 836 1406 896 et
1422 830 1604 910 peremnia
1620 850 1693 897 cum
1708 831 1846 898 Alherto

189 943 276 1002 teste
308 935 508 1019 supradicto,
541 955 599 1002 suo
630 936 859 1003 concanonico.
902 936 986 1002 Item
1017 942 1155 1020 rogatus
1178 939 1218 1002 de
1242 939 1384 1002 secundo
1408 936 1547 1003 articulo
1572 941 1749 1004 concordat
1774 958 1846 1004 cum

189 1062 247 1110 suo
262 1043 491 1110 ¹concanonico
516 1063 574 1124 per
598 1042 716 1124 omnia,
741 1050 889 1124 excepto,
915 1045 999 1124 quod
1024 1042 1113 1124 dicit,
1142 1042 1312 1109 ecclesiam
1342 1040 1445 1109 luisse
1475 1044 1548 1124 plus
1578 1063 1675 1124 quam
1705 1051 1846 1125 quatuor

189 1169 294 1216 annos
325 1149 359 1217 in
389 1148 600 1231 perceptione
629 1168 713 1216 none
738 1149 901 1233 predicte;
926 1151 967 1215 de
996 1149 1067 1215 iure
1098 1149 1219 1214 domini
1248 1148 1355 1215 nostri
1375 1148 1562 1232 Moguntini
1592 1149 1692 1216 nichil
1714 1157 1847 1218 constat

189 1256 232 1321 ei.
280 1258 353 1322 Non
376 1261 428 1322 est
451 1255 631 1322 collocutus
655 1261 717 1321 etc.

296 1343 369 1428 X⁰V.
417 1363 502 1427 Item
518 1361 713 1444 cristianus
738 1368 856 1428 cantor
879 1361 1015 1428 ecclesie
1031 1361 1372 1444 Frankenvornensis‚
1395 1361 1525 1429 iuratus
1544 1369 1578 1428 et
1594 1369 1731 1447 rogatus
1747 1384 1846 1446 super

189 1469 293 1551 primo
324 1468 463 1535 articulo
495 1471 674 1534 concordat
705 1489 764 1550 per
794 1469 902 1535 omnia
932 1475 966 1534 et
995 1468 1028 1535 in
1057 1467 1206 1534 omnihus
1230 1488 1301 1535 cum
1325 1470 1462 1536 Alherto
1487 1476 1521 1537 et
1543 1472 1652 1552 Petro,
1677 1469 1746 1536 suis
1769 1490 1846 1536 con-

190 1575 368 1642 canonicis.
416 1576 499 1640 Item
530 1581 668 1657 rogatus
696 1577 902 1641 desecando
927 1574 1066 1640 articulo
1090 1578 1269 1641 concordat
1294 1595 1364 1640 oum
1390 1575 1530 1642 testibus
1554 1575 1754 1657 supradictis
1777 1575 1846 1642 suis

189 1681 429 1764 concanonicis,
455 1685 512 1748 sed
544 1680 633 1762 dicit,
658 1683 743 1762 quod
775 1680 916 1762 quinque
946 1700 1050 1746 annos
1080 1681 1257 1748 habuerint
1279 1681 1314 1746 in
1337 1681 1547 1764 perceptione
1570 1681 1692 1748 dictam
1715 1701 1844 1748 nonam.

189 1789 341 1872 Rogatus
365 1792 405 1855 de
427 1788 499 1855 iure
522 1787 643 1854 domini
666 1787 772 1854 nostri
794 1786 989 1870 Mogontini,
1014 1806 1079 1852 non
1103 1785 1218 1868 credit,
1244 1807 1317 1852 eum
1340 1787 1471 1868 aliquod
1493 1786 1545 1853 ius
1568 1789 1700 1854 hahere.

300 1874 391 1960 X⁰Vl.
440 1895 524 1961 Item
547 1895 717 1961 Iohannes
741 1893 848 1960 dictus
872 1897 912 1960 de
935 1893 1122 1977 Moguncia,
1147 1893 1324 1960 canonicus
1348 1893 1484 1959 ecclesie
1504 1894 1844 1976 Frankenvordensis,

187 2001 317 2068 iuratus
340 2007 374 2067 et
397 2007 534 2085 rogatus
558 2019 657 2082 super
673 2000 776 2082 primo
794 1999 932 2068 articulo
950 2003 1129 2066 concordat
1145 2020 1204 2082 per
1219 1999 1328 2066 omnia
1344 2007 1377 2065 et
1392 1999 1427 2065 in
1443 1999 1591 2066 omnibus
1608 2019 1680 2066 cum
1695 2001 1843 2084 Alberto,

188 2109 287 2173 Petro
318 2113 351 2173 et
375 2106 550 2188 Cristiano,
575 2107 644 2172 suis
675 2105 913 2173 concanonicis.
968 2107 1052 2172 Item
1082 2111 1220 2189 rogatus
1251 2109 1291 2171 de
1322 2109 1465 2172 secundo
1496 2105 1635 2172 articulo
1666 2111 1846 2174 concordat

189 2233 262 2280 cum
292 2213 449 2295 predictis
480 2213 547 2280 suis
579 2213 809 2280 concanonicis
839 2218 873 2278 et
904 2212 1005 2295 addit,
1031 2214 1117 2295 quod
1140 2212 1212 2293 ipse
1235 2211 1299 2278 fuit
1322 2211 1470 2295 nuncius,
1495 2212 1551 2293 qui
1573 2213 1757 2295 prohibitus
1781 2213 1846 2280 luit

188 2319 336 2403 recipere
365 2340 487 2387 nonam
516 2319 707 2402 predictam.
758 2321 909 2403 Rogatus
940 2323 980 2386 de
1009 2319 1081 2385 iure
1112 2318 1233 2385 domini
1262 2317 1509 2402 archiepiscopi,
1540 2338 1605 2385 non
1629 2320 1742 2402 credit,
1772 2339 1845 2387 eum

188 2425 319 2507 aliquod
343 2425 395 2492 ius
418 2427 550 2498 hahere.
597 2428 670 2492 Non
694 2432 745 2493 ast
769 2426 948 2493 collocutus
973 2432 1034 2492 etc.

174 2524 176 2526 ’
297 2512 407 2598 xiil.
453 2534 538 2600 Item
563 2531 721 2616 magister
738 2533 951 2616 Dythmarus,
978 2533 1138 2614 plebanus
1154 2527 1496 2615 FrankenvordensiS,
1512 2531 1642 2598 iuratus
1658 2538 1691 2598 et
1706 2540 1844 2617 rogatus

188 2659 248 2720 per
278 2638 387 2705 omnia
413 2643 593 2706 concordat
617 2659 686 2708 cum
712 2639 780 2706 suis
804 2639 1033 2707 concanonicis
1056 2638 1257 2722 supradictis
1281 2641 1320 2703 de
1344 2637 1447 2720 primo
1471 2645 1506 2704 et
1529 2641 1671 2705 secundo
1695 2639 1844 2721 articulo,

187 2748 246 2811 sed
271 2745 372 2826 addit,
398 2749 483 2826 quod
507 2746 652 2812 homines
677 2746 822 2814 colentes
845 2746 978 2813 novalia
1002 2747 1041 2811 de
1066 2744 1158 2812 curia
1181 2744 1313 2811 scolteti
1335 2744 1500 2826 recipiunt
1523 2748 1562 2811 de
1586 2765 1647 2810 sua
1670 2747 1846 2828 parrochia

188 2850 415 2918 ecelesiastIca
444 2857 654 2918 sacramenta
684 2859 718 2918 et
749 2854 834 2932 quod
866 2851 957 2918 curia
981 2851 1047 2918 sita
1077 2859 1129 2918 est
1157 2851 1193 2917 in
1223 2849 1371 2917 terminis
1401 2870 1459 2916 sue
1490 2851 1662 2933 parrochie
1694 2858 1727 2917 et
1762 2855 1845 2920 duas

187 2977 358 3040 personas
383 2977 445 3038 que
468 2964 595 3024 mortue
619 2956 754 3024 inerunt
776 2957 810 3026 in
835 2957 927 3024 curia
950 2958 1109 3040 predicta,
1136 2956 1286 3040 sepelivit
1309 2957 1344 3023 in
1360 2957 1564 3043 cymterio(!)
1587 2977 1645 3023 sue
1661 2959 1843 3040 parrochie.

188 3066 239 3130 De
262 3065 333 3130 iure
357 3063 478 3130 domini
501 3063 740 3146 archiepiscopi
762 3064 862 3132 nichil
885 3064 957 3130 scit.
1004 3065 1078 3132 Non
1102 3071 1154 3131 est
1177 3065 1357 3130 collocutus
1379 3070 1443 3130 etc.

295 3150 423 3237 xvun.
471 3171 556 3236 item
579 3171 602 3237 J
604 3171 749 3236 ohannes
780 3173 820 3236 de
844 3170 1038 3254 argentina,
1070 3171 1178 3237 socius
1208 3170 1350 3253 plebani,
1380 3171 1510 3237 iuratus
1533 3176 1567 3236 et
1593 3177 1730 3255 rogatus
1753 3171 1843 3254 dicit,

187 3276 289 3344 nichil
312 3276 400 3343 aliud
424 3276 489 3343 sibi
511 3282 674 3358 constare,
699 3275 764 3344 uisi
786 3280 871 3358 quod
896 3279 1056 3358 quendam
1078 3276 1349 3343 molendinarium
1371 3276 1611 3343 inhahitantem
1632 3277 1754 3344 curiam
1771 3298 1845 3361 pre·

188 3383 270 3450 dicti
293 3383 424 3451 scolteti
447 3383 665 3450 infirmantem
687 3381 722 3450 in
744 3382 818 3465 ipsa
842 3382 934 3449 curia
950 3383 1202 3450 communicavit
1218 3401 1355 3464 corpore
1370 3383 1491 3450 domini
1506 3389 1539 3449 et
1555 3383 1702 3450 homiues
1717 3384 1845 3451 inhabi-

188 3496 301 3557 tantes
326 3493 461 3556 eandem
486 3489 610 3556 curiam
629 3489 792 3572 recipiunt
808 3493 848 3556 de
865 3489 1040 3571 parrochia
1055 3489 1369 3556 Franlrenvordensi
1384 3489 1609 3556 ecclesiastica
1624 3496 1842 3573 sacramenta,

187 3602 222 3662 et
246 3615 287 3662 ex
310 3597 372 3662 hac
396 3615 498 3662 causa
522 3594 636 3677 credit,
662 3594 786 3662 curiam
810 3612 882 3661 esso
906 3595 1004 3664 sitam
1027 3595 1061 3662 in
1085 3595 1233 3662 terminis
1256 3595 1429 3676 parrochie
1453 3595 1629 3662 antedicte.

295 3699 449 3768 [Iltimus.
497 3701 581 3767 Item
597 3701 806 3768 Hermannus
819 3699 926 3766 dictus
939 3704 978 3766 de
994 3701 1215 3782 Beldershem,
1230 3701 1338 3768 socius
1354 3702 1495 3784 plebani,
1513 3701 1642 3768 iuratus
1657 3709 1692 3769 et
1706 3709 1844 3786 rogatus

188 3811 369 3875 concordat
393 3827 464 3874 cnm
488 3806 576 3874 socio
601 3826 659 3873 suo
676 3807 823 3889 predicto
841 3812 876 3872 et
892 3807 993 3889 addit,
1019 3811 1105 3888 quod
1120 3807 1272 3889 sepelivit
1288 3827 1387 3874 unum
1402 3807 1436 3874 in
1453 3808 1655 3894 cymterioli)
1671 3809 1844 3890 parrochie

186 3913 528 3997 Frankehvordensis,
554 3913 610 3996 qui
639 3920 787 3980 mortuus
816 3911 880 3979 luit
903 3913 936 3980 in
969 3913 1061 3980 curia
1089 3913 1248 3996 predicta.
1296 3915 1346 3981 De
1368 3914 1439 3982 iure
1464 3913 1584 3981 domini
1606 3915 1845 3999 archiepIscopi

186 4019 288 4086 nichil
311 4020 384 4086 scit.
432 4021 553 4087 Amore
575 4021 630 4088 vel
653 4019 725 4087 odio
750 4019 849 4086 nichil
873 4020 961 4086 dicit.

401 4161 515 4232 Lauper
533 4162 809 4233 Perpcmcntctreifen
834 4163 903 4218 ohne
922 4161 997 4230 Spar
1019 4180 1071 4217 coo
1089 4163 1276 4233 Besiepelunp.
1314 4161 1353 4218 St.
1366 4164 1400 4217 A.
1416 4163 1466 4218 Fr.
1482 4164 1580 4218 Barth.
1594 4162 1633 4217 St.
1648 4164 1702 4219 No.
1715 4167 1758 4217 47.

403 4250 503 4306 deda:
520 4251 565 4320 B,
579 4253 633 4305 268
651 4252 722 4306 nach
739 4250 876 4305 derselben
891 4250 1013 4321 Vorlcpc.
1046 4251 1108 4306 Dae
1120 4253 1327 4320 Zeuperrverhdr
1345 4252 1417 4318 faut,
1436 4253 1486 4306 wie
1498 4253 1543 4306 die
1554 4253 1736 4324 Erwdhnuap
1749 4254 1844 4324 Kdaip

455 4339 575 4405 Rudolss
593 4341 636 4394 ala
653 4339 828 4426 rapiereuden
846 4339 1012 4394 Herrachers
1029 4340 1100 4410 zaipt
1126 4341 1189 4410 (opi.
1203 4341 1270 4394 oben
1288 4339 1315 4394 S.
1329 4343 1405 4408 304),
1425 4357 1474 4395 cor
1493 4344 1562 4396 1291
1580 4340 1642 4396 Juti
1660 4344 1702 4407 15,
1724 4342 1761 4396 iat
1779 4343 1844 4397 aber

454 4428 514 4483 hier
532 4428 581 4483 der
600 4429 720 4483 beccam
743 4427 990 4483 Ubereicbtlicblceit
1008 4429 1102 4483 hother
1120 4429 1274 4499 einpereiht.

186 4722 280 4800 616.
304 4731 373 4796 Der
395 4733 573 4798 Scholaster
602 4755 655 4798 om
677 4735 723 4798 st.
741 4732 997 4815 Johcauis-StIft
1025 4755 1066 4796 ec
1090 4732 1206 4797 Mutua
1235 4733 1363 4797 cerleibt
1391 4732 1455 4814 auf
1484 4733 1601 4798 Gruud
1630 4737 1714 4798 eines
1730 4739 1843 4815 pdpst·

303 4839 403 4904 lichen
421 4839 578 4906 Mandata
600 4841 631 4904 d.
648 4841 679 4904 d.
696 4840 788 4918 Rom,
814 4845 903 4904 1292
916 4840 1048 4906 Jcrauor
1064 4843 1117 4918 13,
1142 4841 1211 4904 dem
1227 4840 1387 4923 Mapister
1402 4840 1573 4905 Barabelm
1595 4863 1654 4905 raon
1672 4841 1844 4906 Greoecrot

303 4947 354 5012 dte
386 4947 629 5029 Aawartschafl
660 4946 725 5028 aas
751 4948 802 5011 dic
830 4952 936 5012 ramat
963 4947 1191 5029 fraimerdeade
1223 4946 1389 5013 Prdbemie
1420 4970 1473 5013 aaa
1503 4947 1723 5029 Frcckfutter
1753 4949 1841 5031 suist.

304 5053 429 5134 Marna,
454 5058 544 5118 1292
565 5053 638 5120 Jutt
659 5059 713 5117 28.

296 5195 385 5262 VIris
397 5195 640 5264 venerabilibus
656 5202 689 5262 et
706 5195 857 5261 discretis
875 5249 881 5260 .
902 5248 907 5260 .
926 5199 1050 5262 decano
1068 5203 1101 5261 et
1118 5195 1262 5278 capitulo
1276 5214 1315 5261 ac
1327 5195 1465 5278 singulis
1477 5195 1615 5277 prelatis
1627 5201 1661 5261 et
1677 5195 1842 5262 canonicis

187 5301 327 5370 ecclesie
351 5302 459 5369 sancti
480 5301 705 5370 Bartholomei
726 5303 1053 5385 Frankewordensis,
1078 5301 1302 5386 Mallguutine
1318 5302 1467 5385 diocesis,
1492 5302 1686 5368 scolasticus
1707 5302 1843 5369 ecclesie

187 5409 298 5478 sancti
314 5411 337 5477 J
338 5409 476 5476 ohannis
492 5409 689 5494 Maguntini,
714 5417 869 5476 executor
893 5413 934 5476 ad
950 5409 1167 5492 infrascripta
1182 5408 1363 5476 venerahih
1386 5409 1456 5476 viro
1472 5409 1632 5492 magistro
1648 5409 1842 5476 Bernhelmo

186 5521 227 5584 de
256 5518 453 5598 Grevenrot,
485 5516 640 5584 canonico
660 5514 685 5590 ll
701 5517 1010 5599 Frankewordensi,
1046 5519 1169 5583 asede
1201 5515 1383 5599 apostolica
1416 5519 1603 5599 deputatus,
1638 5516 1777 5582 salntem
1808 5515 1843 5582 in

187 5621 318 5690 domino
343 5629 376 5688 et
399 5622 565 5688 mandatis
588 5621 779 5704 apostolicis
802 5622 939 5689 firmiter
956 5622 1098 5689 obedire.
1133 5621 1310 5704 Noveritis,
1333 5641 1395 5688 nos
1419 5625 1539 5688 dudum
1561 5622 1691 5689 htteras
1710 5629 1844 5704 aposto

185 5729 270 5797 lices
299 5747 366 5796 non
384 5726 409 5802 ll
426 5727 577 5812 abolitas,
611 5748 676 5796 non
709 5730 857 5814 abrasas,
889 5749 954 5797 non
984 5729 1136 5811 viciatus,
1167 5748 1228 5796 nec
1257 5728 1291 5797 in
1322 5727 1433 5810 aliqua
1462 5727 1514 5796 sui
1543 5736 1639 5812 parte
1670 5735 1842 5811 suspectas

238 5876 406 5922 Brenlrlurtar
419 5877 616 5923 urkundenbuch
628 5878 646 5921 1.
1682 5870 1718 5924 39
