<?xml version="1.0" encoding="UTF-8"?>
<!DOCTYPE html PUBLIC "-//W3C//DTD XHTML 1.0 Transitional//EN"
    "http://www.w3.org/TR/xhtml1/DTD/xhtml1-transitional.dtd">
<html xmlns="http://www.w3.org/1999/xhtml" xml:lang="en" lang="en">
 <head>
  <title>
</title>
<meta http-equiv="Content-Type" content="text/html;charset=utf-8" />
  <meta name='ocr-system' content='tesseract 3.04.00' />
  <meta name='ocr-capabilities' content='ocr_page ocr_carea ocr_par ocr_line ocrx_word'/>
</head>
<body>
  <div class='ocr_page' id='page_1' title='image "./codexdiplomatic00nathgoog_0182.png"; bbox 0 0 4400 6384; ppageno 0'>
   <div class='ocr_carea' id='block_1_1' title="bbox 375 319 1295 383">
    <p class='ocr_par' dir='ltr' id='par_1_1' title="bbox 375 319 1295 383">
     <span class='ocr_line' id='line_1_1' title="bbox 375 319 1295 383; baseline -0.009 0"><span class='ocrx_word' id='word_1_1' title='bbox 375 319 438 383; x_wconf 87' lang='grc'>166</span> <span class='ocrx_word' id='word_1_2' title='bbox 1109 320 1177 374; x_wconf 81' lang='grc'><strong>1274</strong></span> <span class='ocrx_word' id='word_1_3' title='bbox 1196 319 1252 375; x_wconf 75' lang='lat' dir='ltr'>Mai</span> <span class='ocrx_word' id='word_1_4' title='bbox 1272 321 1295 375; x_wconf 87' lang='lat'>1.</span> 
     </span>
    </p>
   </div>
   <div class='ocr_carea' id='block_1_2' title="bbox 367 516 2025 2738">
    <p class='ocr_par' dir='ltr' id='par_1_2' title="bbox 367 516 2025 2738">
     <span class='ocr_line' id='line_1_2' title="bbox 369 516 2023 601; baseline 0.001 -18"><span class='ocrx_word' id='word_1_5' title='bbox 369 538 538 584; x_wconf 86' lang='lat' dir='ltr'>versorum</span> <span class='ocrx_word' id='word_1_6' title='bbox 563 516 725 600; x_wconf 78' lang='lat' dir='ltr'>noticiam,</span> <span class='ocrx_word' id='word_1_7' title='bbox 751 517 868 599; x_wconf 87' lang='lat' dir='ltr'>quibos</span> <span class='ocrx_word' id='word_1_8' title='bbox 892 538 988 584; x_wconf 89' lang='lat' dir='ltr'>nosse</span> <span class='ocrx_word' id='word_1_9' title='bbox 1011 516 1113 583; x_wconf 88' lang='lat' dir='ltr'>luerit</span> <span class='ocrx_word' id='word_1_10' title='bbox 1136 524 1342 601; x_wconf 91' lang='lat' dir='ltr'>oportunum,</span> <span class='ocrx_word' id='word_1_11' title='bbox 1367 526 1482 584; x_wconf 86' lang='lat' dir='ltr'>tenore</span> <span class='ocrx_word' id='word_1_12' title='bbox 1506 517 1709 599; x_wconf 90' lang='lat' dir='ltr'>presencium</span> <span class='ocrx_word' id='word_1_13' title='bbox 1729 518 1824 599; x_wconf 92' lang='lat' dir='ltr'>cupio</span> <span class='ocrx_word' id='word_1_14' title='bbox 1840 518 2023 600; x_wconf 83' lang='lat' dir='ltr'>pervenire,</span> 
     </span>
     <span class='ocr_line' id='line_1_3' title="bbox 369 622 2025 705; baseline 0.001 -15"><span class='ocrx_word' id='word_1_15' title='bbox 369 627 454 705; x_wconf 93' lang='lat' dir='ltr'>qood</span> <span class='ocrx_word' id='word_1_16' title='bbox 478 623 611 691; x_wconf 88' lang='lat' dir='ltr'>vendidi</span> <span class='ocrx_word' id='word_1_17' title='bbox 634 622 794 689; x_wconf 81' lang='lat' dir='ltr'>iratribus</span> <span class='ocrx_word' id='word_1_18' title='bbox 819 627 932 690; x_wconf 89' lang='lat' dir='ltr'>domus</span> <span class='ocrx_word' id='word_1_19' title='bbox 948 624 1150 691; x_wconf 82' lang='lat' dir='ltr'>Teuthouice</span> <span class='ocrx_word' id='word_1_20' title='bbox 1173 624 1208 690; x_wconf 94' lang='lat' dir='ltr'>in</span> <span class='ocrx_word' id='word_1_21' title='bbox 1234 625 1504 691; x_wconf 85' lang='lat' dir='ltr'>Sachsenhausen</span> <span class='ocrx_word' id='word_1_22' title='bbox 1528 626 1615 691; x_wconf 88' lang='lat' dir='ltr'>bona</span> <span class='ocrx_word' id='word_1_23' title='bbox 1638 645 1711 691; x_wconf 88' lang='lat' dir='ltr'>mea</span> <span class='ocrx_word' id='word_1_24' title='bbox 1734 625 1800 691; x_wconf 85' lang='lat' dir='ltr'>sita</span> <span class='ocrx_word' id='word_1_25' title='bbox 1821 625 1855 690; x_wconf 92' lang='lat' dir='ltr'>in</span> <span class='ocrx_word' id='word_1_26' title='bbox 1879 625 2025 691; x_wconf 89' lang='lat' dir='ltr'>terminis</span> 
     </span>
     <span class='ocr_line' id='line_1_4' title="bbox 367 730 2023 814; baseline -0.001 -15"><span class='ocrx_word' id='word_1_27' title='bbox 367 731 444 799; x_wconf 86' lang='lat' dir='ltr'>ville</span> <span class='ocrx_word' id='word_1_28' title='bbox 467 731 731 814; x_wconf 88' lang='lat' dir='ltr'>Breungesheim,</span> <span class='ocrx_word' id='word_1_29' title='bbox 757 751 819 813; x_wconf 89' lang='lat' dir='ltr'>que</span> <span class='ocrx_word' id='word_1_30' title='bbox 850 751 890 797; x_wconf 85' lang='lat' dir='ltr'>ex</span> <span class='ocrx_word' id='word_1_31' title='bbox 914 732 1123 798; x_wconf 83' lang='lat' dir='ltr'>concessione</span> <span class='ocrx_word' id='word_1_32' title='bbox 1146 731 1275 813; x_wconf 90' lang='lat' dir='ltr'>imperii</span> <span class='ocrx_word' id='word_1_33' title='bbox 1297 733 1457 805; x_wconf 87' lang='lat' dir='ltr'>hactenus</span> <span class='ocrx_word' id='word_1_34' title='bbox 1481 732 1576 799; x_wconf 89' lang='lat' dir='ltr'>titulo</span> <span class='ocrx_word' id='word_1_35' title='bbox 1601 730 1724 798; x_wconf 88' lang='lat' dir='ltr'>leodah</span> <span class='ocrx_word' id='word_1_36' title='bbox 1746 732 1846 813; x_wconf 92' lang='lat' dir='ltr'>tenui,</span> <span class='ocrx_word' id='word_1_37' title='bbox 1872 732 2023 799; x_wconf 89' lang='lat' dir='ltr'>videlicet</span> 
     </span>
     <span class='ocr_line' id='line_1_5' title="bbox 369 836 2024 921; baseline 0.001 -18"><span class='ocrx_word' id='word_1_38' title='bbox 369 836 526 904; x_wconf 75' lang='lat' dir='ltr'><strong>tredecim</strong></span> <span class='ocrx_word' id='word_1_39' title='bbox 559 837 675 921; x_wconf 86' lang='lat' dir='ltr'>iugera</span> <span class='ocrx_word' id='word_1_40' title='bbox 707 845 741 903; x_wconf 91' lang='lat' dir='ltr'>et</span> <span class='ocrx_word' id='word_1_41' title='bbox 774 840 855 904; x_wconf 91' lang='lat' dir='ltr'>duos</span> <span class='ocrx_word' id='word_1_42' title='bbox 887 857 1027 919; x_wconf 88' lang='lat' dir='ltr'>mansos,</span> <span class='ocrx_word' id='word_1_43' title='bbox 1062 839 1118 920; x_wconf 86' lang='lat' dir='ltr'>qui</span> <span class='ocrx_word' id='word_1_44' title='bbox 1150 838 1333 921; x_wconf 77' lang='lat' dir='ltr'><strong>vulgariter</strong></span> <span class='ocrx_word' id='word_1_45' title='bbox 1356 838 1492 904; x_wconf 83' lang='lat' dir='ltr'>Freicht</span> <span class='ocrx_word' id='word_1_46' title='bbox 1524 838 1743 920; x_wconf 72' lang='lat' dir='ltr'>appellantur,</span> <span class='ocrx_word' id='word_1_47' title='bbox 1774 838 1970 921; x_wconf 87' lang='lat' dir='ltr'>promittens</span> <span class='ocrx_word' id='word_1_48' title='bbox 1993 848 2024 905; x_wconf 89' lang='lat' dir='ltr'>et</span> 
     </span>
     <span class='ocr_line' id='line_1_6' title="bbox 372 944 2024 1029; baseline 0 -18"><span class='ocrx_word' id='word_1_49' title='bbox 372 944 524 1028; x_wconf 85' lang='lat' dir='ltr'>obligans</span> <span class='ocrx_word' id='word_1_50' title='bbox 553 963 604 1010; x_wconf 89' lang='lat' dir='ltr'>me</span> <span class='ocrx_word' id='word_1_51' title='bbox 635 952 668 1011; x_wconf 89' lang='lat' dir='ltr'>et</span> <span class='ocrx_word' id='word_1_52' title='bbox 697 964 786 1010; x_wconf 87' lang='lat' dir='ltr'>meos</span> <span class='ocrx_word' id='word_1_53' title='bbox 816 944 1024 1011; x_wconf 89' lang='lat' dir='ltr'>fideiussores</span> <span class='ocrx_word' id='word_1_54' title='bbox 1055 948 1268 1023; x_wconf 78' lang='lat' dir='ltr'>subnotatoS,</span> <span class='ocrx_word' id='word_1_55' title='bbox 1307 944 1432 1010; x_wconf 90' lang='lat' dir='ltr'>scilicet</span> <span class='ocrx_word' id='word_1_56' title='bbox 1461 944 1672 1011; x_wconf 86' lang='lat' dir='ltr'>Eberwinum</span> <span class='ocrx_word' id='word_1_57' title='bbox 1701 948 1742 1011; x_wconf 92' lang='lat' dir='ltr'>de</span> <span class='ocrx_word' id='word_1_58' title='bbox 1771 946 2024 1029; x_wconf 88' lang='lat' dir='ltr'>Breungeshein</span> 
     </span>
     <span class='ocr_line' id='line_1_7' title="bbox 369 1050 2024 1136; baseline 0.001 -19"><span class='ocrx_word' id='word_1_59' title='bbox 369 1050 645 1133; x_wconf 88' lang='lat' dir='ltr'>consanguineum</span> <span class='ocrx_word' id='word_1_60' title='bbox 675 1071 790 1133; x_wconf 89' lang='lat' dir='ltr'>meum,</span> <span class='ocrx_word' id='word_1_61' title='bbox 822 1052 987 1118; x_wconf 84' lang='lat' dir='ltr'>Cononem</span> <span class='ocrx_word' id='word_1_62' title='bbox 1017 1054 1056 1118; x_wconf 92' lang='lat' dir='ltr'>de</span> <span class='ocrx_word' id='word_1_63' title='bbox 1087 1052 1304 1136; x_wconf 80' lang='lat' dir='ltr'>Rydenherg,</span> <span class='ocrx_word' id='word_1_64' title='bbox 1337 1053 1522 1118; x_wconf 86' lang='lat' dir='ltr'>Conradum</span> <span class='ocrx_word' id='word_1_65' title='bbox 1553 1050 1675 1117; x_wconf 91' lang='lat' dir='ltr'>dictum</span> <span class='ocrx_word' id='word_1_66' title='bbox 1709 1052 1849 1135; x_wconf 87' lang='lat' dir='ltr'>Schwap</span> <span class='ocrx_word' id='word_1_67' title='bbox 1880 1059 1913 1118; x_wconf 90' lang='lat' dir='ltr'>et</span> <span class='ocrx_word' id='word_1_68' title='bbox 1937 1054 2024 1118; x_wconf 85' lang='lat' dir='ltr'>llar-</span> 
     </span>
     <span class='ocr_line' id='line_1_8' title="bbox 368 1157 2024 1241; baseline 0.001 -17"><span class='ocrx_word' id='word_1_69' title='bbox 368 1160 528 1239; x_wconf 88' lang='lat' dir='ltr'>quardum</span> <span class='ocrx_word' id='word_1_70' title='bbox 558 1157 658 1223; x_wconf 89' lang='lat' dir='ltr'>fllium</span> <span class='ocrx_word' id='word_1_71' title='bbox 687 1176 802 1239; x_wconf 91' lang='lat' dir='ltr'>meum,</span> <span class='ocrx_word' id='word_1_72' title='bbox 829 1177 887 1239; x_wconf 89' lang='lat' dir='ltr'>per</span> <span class='ocrx_word' id='word_1_73' title='bbox 910 1160 971 1224; x_wconf 92' lang='lat' dir='ltr'>hoc</span> <span class='ocrx_word' id='word_1_74' title='bbox 995 1158 1164 1241; x_wconf 89' lang='lat' dir='ltr'>scriptum,</span> <span class='ocrx_word' id='word_1_75' title='bbox 1190 1162 1276 1239; x_wconf 90' lang='lat' dir='ltr'>quod</span> <span class='ocrx_word' id='word_1_76' title='bbox 1298 1160 1387 1225; x_wconf 87' lang='lat' dir='ltr'>bona</span> <span class='ocrx_word' id='word_1_77' title='bbox 1410 1158 1561 1240; x_wconf 89' lang='lat' dir='ltr'>predicta</span> <span class='ocrx_word' id='word_1_78' title='bbox 1583 1158 1681 1225; x_wconf 90' lang='lat' dir='ltr'>dictis</span> <span class='ocrx_word' id='word_1_79' title='bbox 1704 1157 1867 1226; x_wconf 82' lang='lat' dir='ltr'>tratribus</span> <span class='ocrx_word' id='word_1_80' title='bbox 1890 1160 2024 1227; x_wconf 85' lang='lat' dir='ltr'>vendita</span> 
     </span>
     <span class='ocr_line' id='line_1_9' title="bbox 369 1262 2024 1348; baseline 0.001 -17"><span class='ocrx_word' id='word_1_81' title='bbox 369 1268 410 1331; x_wconf 94' lang='lat' dir='ltr'>ad</span> <span class='ocrx_word' id='word_1_82' title='bbox 434 1264 590 1331; x_wconf 88' lang='lat' dir='ltr'>maiorem</span> <span class='ocrx_word' id='word_1_83' title='bbox 614 1264 776 1330; x_wconf 84' lang='lat' dir='ltr'>cautelam</span> <span class='ocrx_word' id='word_1_84' title='bbox 800 1271 833 1330; x_wconf 91' lang='lat' dir='ltr'>et</span> <span class='ocrx_word' id='word_1_85' title='bbox 856 1262 1003 1331; x_wconf 87' lang='lat' dir='ltr'>loturum</span> <span class='ocrx_word' id='word_1_86' title='bbox 1026 1265 1291 1347; x_wconf 86' lang='lat' dir='ltr'>impedimentum</span> <span class='ocrx_word' id='word_1_87' title='bbox 1315 1264 1446 1348; x_wconf 88' lang='lat' dir='ltr'>penitus</span> <span class='ocrx_word' id='word_1_88' title='bbox 1470 1268 1702 1331; x_wconf 90' lang='lat' dir='ltr'>removendum</span> <span class='ocrx_word' id='word_1_89' title='bbox 1726 1265 1796 1332; x_wconf 89' lang='lat' dir='ltr'>sive</span> <span class='ocrx_word' id='word_1_90' title='bbox 1812 1265 2024 1332; x_wconf 89' lang='lat' dir='ltr'>decidendum</span> 
     </span>
     <span class='ocr_line' id='line_1_10' title="bbox 368 1370 2023 1455; baseline 0 -17"><span class='ocrx_word' id='word_1_91' title='bbox 368 1370 585 1454; x_wconf 86' lang='lat' dir='ltr'>appropriare</span> <span class='ocrx_word' id='word_1_92' title='bbox 616 1373 761 1453; x_wconf 88' lang='lat' dir='ltr'>debeam,</span> <span class='ocrx_word' id='word_1_93' title='bbox 786 1371 834 1437; x_wconf 93' lang='lat' dir='ltr'>sic</span> <span class='ocrx_word' id='word_1_94' title='bbox 858 1374 942 1453; x_wconf 91' lang='lat' dir='ltr'>quod</span> <span class='ocrx_word' id='word_1_95' title='bbox 967 1370 1033 1438; x_wconf 88' lang='lat' dir='ltr'>alia</span> <span class='ocrx_word' id='word_1_96' title='bbox 1055 1373 1143 1439; x_wconf 87' lang='lat' dir='ltr'>bona</span> <span class='ocrx_word' id='word_1_97' title='bbox 1166 1370 1381 1454; x_wconf 87' lang='lat' dir='ltr'>proprietatis</span> <span class='ocrx_word' id='word_1_98' title='bbox 1404 1391 1474 1437; x_wconf 90' lang='lat' dir='ltr'>mee</span> <span class='ocrx_word' id='word_1_99' title='bbox 1498 1370 1565 1437; x_wconf 91' lang='lat' dir='ltr'>sita</span> <span class='ocrx_word' id='word_1_100' title='bbox 1587 1370 1621 1437; x_wconf 94' lang='lat' dir='ltr'>in</span> <span class='ocrx_word' id='word_1_101' title='bbox 1644 1371 1724 1439; x_wconf 86' lang='lat' dir='ltr'>villa</span> <span class='ocrx_word' id='word_1_102' title='bbox 1747 1371 2023 1455; x_wconf 87' lang='lat' dir='ltr'>Langendiepach</span> 
     </span>
     <span class='ocr_line' id='line_1_11' title="bbox 368 1477 2023 1561; baseline 0.001 -16"><span class='ocrx_word' id='word_1_103' title='bbox 368 1482 409 1545; x_wconf 86' lang='lat' dir='ltr'>ah</span> <span class='ocrx_word' id='word_1_104' title='bbox 444 1478 581 1561; x_wconf 91' lang='lat' dir='ltr'>imperio</span> <span class='ocrx_word' id='word_1_105' title='bbox 615 1478 649 1543; x_wconf 91' lang='lat' dir='ltr'>in</span> <span class='ocrx_word' id='word_1_106' title='bbox 684 1478 1020 1559; x_wconf 81' lang='lat' dir='ltr'>recompensationem</span> <span class='ocrx_word' id='word_1_107' title='bbox 1058 1478 1128 1545; x_wconf 92' lang='lat' dir='ltr'>sive</span> <span class='ocrx_word' id='word_1_108' title='bbox 1164 1485 1351 1545; x_wconf 91' lang='lat' dir='ltr'>restaurum</span> <span class='ocrx_word' id='word_1_109' title='bbox 1389 1480 1547 1544; x_wconf 90' lang='lat' dir='ltr'>bonorum</span> <span class='ocrx_word' id='word_1_110' title='bbox 1577 1478 1784 1545; x_wconf 88' lang='lat' dir='ltr'>venditorum</span> <span class='ocrx_word' id='word_1_111' title='bbox 1814 1477 2023 1560; x_wconf 86' lang='lat' dir='ltr'>imposterum</span> 
     </span>
     <span class='ocr_line' id='line_1_12' title="bbox 367 1586 2024 1670; baseline 0.001 -18"><span class='ocrx_word' id='word_1_112' title='bbox 367 1586 553 1669; x_wconf 88' lang='lat' dir='ltr'>possideam</span> <span class='ocrx_word' id='word_1_113' title='bbox 576 1593 675 1667; x_wconf 85' lang='lat' dir='ltr'>etque</span> <span class='ocrx_word' id='word_1_114' title='bbox 699 1591 838 1667; x_wconf 87' lang='lat' dir='ltr'>teneam,</span> <span class='ocrx_word' id='word_1_115' title='bbox 864 1586 992 1653; x_wconf 91' lang='lat' dir='ltr'>domino</span> <span class='ocrx_word' id='word_1_116' title='bbox 1015 1606 1093 1670; x_wconf 88' lang='lat' dir='ltr'>rege</span> <span class='ocrx_word' id='word_1_117' title='bbox 1117 1586 1150 1652; x_wconf 93' lang='lat' dir='ltr'>id</span> <span class='ocrx_word' id='word_1_118' title='bbox 1174 1589 1373 1653; x_wconf 91' lang='lat' dir='ltr'>concedente</span> <span class='ocrx_word' id='word_1_119' title='bbox 1393 1587 1710 1653; x_wconf 88' lang='lat' dir='ltr'>ethabenteratom</span> <span class='ocrx_word' id='word_1_120' title='bbox 1726 1587 1910 1669; x_wconf 87' lang='lat' dir='ltr'>peremnia</span> <span class='ocrx_word' id='word_1_121' title='bbox 1926 1595 2024 1669; x_wconf 87' lang='lat' dir='ltr'>atque</span> 
     </span>
     <span class='ocr_line' id='line_1_13' title="bbox 368 1690 2024 1777; baseline 0.001 -18"><span class='ocrx_word' id='word_1_122' title='bbox 368 1700 509 1777; x_wconf 89' lang='lat' dir='ltr'>gratum.</span> <span class='ocrx_word' id='word_1_123' title='bbox 549 1690 710 1773; x_wconf 85' lang='lat' dir='ltr'>Ceterum,</span> <span class='ocrx_word' id='word_1_124' title='bbox 736 1699 770 1758; x_wconf 89' lang='lat' dir='ltr'>et</span> <span class='ocrx_word' id='word_1_125' title='bbox 793 1695 878 1773; x_wconf 93' lang='lat' dir='ltr'>quod</span> <span class='ocrx_word' id='word_1_126' title='bbox 901 1693 982 1775; x_wconf 88' lang='lat' dir='ltr'>ipsis</span> <span class='ocrx_word' id='word_1_127' title='bbox 1005 1690 1168 1759; x_wconf 85' lang='lat' dir='ltr'>iratribus</span> <span class='ocrx_word' id='word_1_128' title='bbox 1191 1692 1295 1759; x_wconf 90' lang='lat' dir='ltr'>eciam</span> <span class='ocrx_word' id='word_1_129' title='bbox 1318 1696 1358 1759; x_wconf 91' lang='lat' dir='ltr'>de</span> <span class='ocrx_word' id='word_1_130' title='bbox 1377 1692 1561 1759; x_wconf 90' lang='lat' dir='ltr'>huiusmodi</span> <span class='ocrx_word' id='word_1_131' title='bbox 1574 1693 1670 1760; x_wconf 91' lang='lat' dir='ltr'>bonis</span> <span class='ocrx_word' id='word_1_132' title='bbox 1685 1690 1807 1759; x_wconf 85' lang='lat' dir='ltr'>faciam</span> <span class='ocrx_word' id='word_1_133' title='bbox 1821 1694 2024 1761; x_wconf 87' lang='lat' dir='ltr'>warandiam</span> 
     </span>
     <span class='ocr_line' id='line_1_14' title="bbox 368 1798 2025 1884; baseline 0.001 -19"><span class='ocrx_word' id='word_1_134' title='bbox 368 1800 512 1866; x_wconf 88' lang='lat' dir='ltr'>debitam</span> <span class='ocrx_word' id='word_1_135' title='bbox 547 1806 581 1865; x_wconf 93' lang='lat' dir='ltr'>et</span> <span class='ocrx_word' id='word_1_136' title='bbox 615 1806 814 1865; x_wconf 86' lang='lat' dir='ltr'>consuetam.</span> <span class='ocrx_word' id='word_1_137' title='bbox 862 1798 1044 1884; x_wconf 88' lang='lat' dir='ltr'>Resignavi</span> <span class='ocrx_word' id='word_1_138' title='bbox 1077 1799 1304 1865; x_wconf 84' lang='lat' dir='ltr'>nichilominus</span> <span class='ocrx_word' id='word_1_139' title='bbox 1338 1798 1428 1865; x_wconf 87' lang='lat' dir='ltr'>dicta</span> <span class='ocrx_word' id='word_1_140' title='bbox 1462 1801 1549 1865; x_wconf 93' lang='lat' dir='ltr'>bona</span> <span class='ocrx_word' id='word_1_141' title='bbox 1583 1802 1761 1865; x_wconf 86' lang='lat' dir='ltr'>accedente</span> <span class='ocrx_word' id='word_1_142' title='bbox 1796 1819 1958 1866; x_wconf 89' lang='lat' dir='ltr'>consensu</span> <span class='ocrx_word' id='word_1_143' title='bbox 1993 1810 2025 1866; x_wconf 88' lang='lat' dir='ltr'>et</span> 
     </span>
     <span class='ocr_line' id='line_1_15' title="bbox 368 1905 2024 1989; baseline 0 -16"><span class='ocrx_word' id='word_1_144' title='bbox 368 1906 564 1973; x_wconf 90' lang='lat' dir='ltr'>admissione</span> <span class='ocrx_word' id='word_1_145' title='bbox 594 1906 740 1972; x_wconf 86' lang='lat' dir='ltr'>manuali</span> <span class='ocrx_word' id='word_1_146' title='bbox 763 1906 973 1989; x_wconf 82' lang='lat' dir='ltr'>Ounegundis</span> <span class='ocrx_word' id='word_1_147' title='bbox 1003 1907 1115 1973; x_wconf 85' lang='lat' dir='ltr'>uxoris</span> <span class='ocrx_word' id='word_1_148' title='bbox 1145 1926 1224 1986; x_wconf 86' lang='lat' dir='ltr'>mee,</span> <span class='ocrx_word' id='word_1_149' title='bbox 1253 1905 1447 1988; x_wconf 87' lang='lat' dir='ltr'>Marquardi</span> <span class='ocrx_word' id='word_1_150' title='bbox 1476 1913 1510 1972; x_wconf 91' lang='lat' dir='ltr'>et</span> <span class='ocrx_word' id='word_1_151' title='bbox 1533 1905 1683 1972; x_wconf 89' lang='lat' dir='ltr'>Heinrici</span> <span class='ocrx_word' id='word_1_152' title='bbox 1711 1905 1850 1972; x_wconf 88' lang='lat' dir='ltr'>filiorum</span> <span class='ocrx_word' id='word_1_153' title='bbox 1880 1926 2024 1973; x_wconf 88' lang='lat' dir='ltr'>meorum</span> 
     </span>
     <span class='ocr_line' id='line_1_16' title="bbox 368 2012 2023 2097; baseline 0 -17"><span class='ocrx_word' id='word_1_154' title='bbox 368 2022 614 2094; x_wconf 88' lang='lat' dir='ltr'>ceterorumque</span> <span class='ocrx_word' id='word_1_155' title='bbox 637 2015 792 2079; x_wconf 89' lang='lat' dir='ltr'>heredum</span> <span class='ocrx_word' id='word_1_156' title='bbox 815 2032 968 2096; x_wconf 89' lang='lat' dir='ltr'>meorum,</span> <span class='ocrx_word' id='word_1_157' title='bbox 994 2013 1203 2097; x_wconf 82' lang='lat' dir='ltr'>presentibus</span> <span class='ocrx_word' id='word_1_158' title='bbox 1219 2014 1368 2097; x_wconf 87' lang='lat' dir='ltr'>personis</span> <span class='ocrx_word' id='word_1_159' title='bbox 1384 2012 1590 2096; x_wconf 69' lang='lat' dir='ltr'>subscriptis</span> <span class='ocrx_word' id='word_1_160' title='bbox 1615 2033 1678 2095; x_wconf 84' lang='lat' dir='ltr'>que</span> <span class='ocrx_word' id='word_1_161' title='bbox 1695 2015 1838 2080; x_wconf 89' lang='lat' dir='ltr'>eiusdem</span> <span class='ocrx_word' id='word_1_162' title='bbox 1855 2014 1904 2080; x_wconf 92' lang='lat' dir='ltr'>rei</span> <span class='ocrx_word' id='word_1_163' title='bbox 1920 2021 2023 2080; x_wconf 87' lang='lat' dir='ltr'>testes</span> 
     </span>
     <span class='ocr_line' id='line_1_17' title="bbox 368 2119 2023 2203; baseline -0.001 -15"><span class='ocrx_word' id='word_1_164' title='bbox 368 2141 439 2188; x_wconf 88' lang='lat' dir='ltr'>esse</span> <span class='ocrx_word' id='word_1_165' title='bbox 475 2121 578 2187; x_wconf 85' lang='lat' dir='ltr'>eciam</span> <span class='ocrx_word' id='word_1_166' title='bbox 612 2120 835 2203; x_wconf 89' lang='lat' dir='ltr'>dinoscuntur,</span> <span class='ocrx_word' id='word_1_167' title='bbox 871 2120 1025 2188; x_wconf 82' lang='lat' dir='ltr'>videlicet</span> <span class='ocrx_word' id='word_1_168' title='bbox 1054 2120 1210 2188; x_wconf 91' lang='lat' dir='ltr'>Heinrico</span> <span class='ocrx_word' id='word_1_169' title='bbox 1245 2122 1385 2187; x_wconf 89' lang='lat' dir='ltr'>sculteto</span> <span class='ocrx_word' id='word_1_170' title='bbox 1415 2119 1749 2200; x_wconf 79' lang='lat' dir='ltr'>Franckenlordensi,</span> <span class='ocrx_word' id='word_1_171' title='bbox 1781 2120 1953 2187; x_wconf 76' lang='lat' dir='ltr'>Friderico</span> <span class='ocrx_word' id='word_1_172' title='bbox 1984 2124 2023 2187; x_wconf 89' lang='lat' dir='ltr'>de</span> 
     </span>
     <span class='ocr_line' id='line_1_18' title="bbox 367 2226 2024 2316; baseline -0.001 -22"><span class='ocrx_word' id='word_1_173' title='bbox 367 2226 638 2312; x_wconf 80' lang='lat' dir='ltr'>Breungesnenn,</span> <span class='ocrx_word' id='word_1_174' title='bbox 667 2228 848 2293; x_wconf 89' lang='lat' dir='ltr'>Wernhero</span> <span class='ocrx_word' id='word_1_175' title='bbox 879 2226 1060 2309; x_wconf 83' lang='lat' dir='ltr'>Scelmone,</span> <span class='ocrx_word' id='word_1_176' title='bbox 1100 2229 1294 2294; x_wconf 89' lang='lat' dir='ltr'>Burckardo</span> <span class='ocrx_word' id='word_1_177' title='bbox 1325 2230 1365 2293; x_wconf 92' lang='lat' dir='ltr'>de</span> <span class='ocrx_word' id='word_1_178' title='bbox 1396 2226 1531 2309; x_wconf 89' lang='lat' dir='ltr'>Ursela,</span> <span class='ocrx_word' id='word_1_179' title='bbox 1567 2226 1724 2293; x_wconf 90' lang='lat' dir='ltr'>Heinrico</span> <span class='ocrx_word' id='word_1_180' title='bbox 1754 2230 1794 2293; x_wconf 91' lang='lat' dir='ltr'>de</span> <span class='ocrx_word' id='word_1_181' title='bbox 1824 2227 2024 2316; x_wconf 59' lang='lat' dir='ltr'>Gisenhem</span> 
     </span>
     <span class='ocr_line' id='line_1_19' title="bbox 368 2333 2023 2415; baseline -0.001 -14"><span class='ocrx_word' id='word_1_182' title='bbox 368 2337 517 2402; x_wconf 84' lang='lat' dir='ltr'>Conrado</span> <span class='ocrx_word' id='word_1_183' title='bbox 548 2337 588 2400; x_wconf 88' lang='lat' dir='ltr'>de</span> <span class='ocrx_word' id='word_1_184' title='bbox 619 2334 854 2415; x_wconf 83' lang='lat' dir='ltr'>Godtenloche,</span> <span class='ocrx_word' id='word_1_185' title='bbox 878 2334 1086 2400; x_wconf 86' lang='lat' dir='ltr'>Hartmundo</span> <span class='ocrx_word' id='word_1_186' title='bbox 1118 2337 1157 2400; x_wconf 92' lang='lat' dir='ltr'>de</span> <span class='ocrx_word' id='word_1_187' title='bbox 1185 2334 1443 2414; x_wconf 87' lang='lat' dir='ltr'>Sachsenhosen,</span> <span class='ocrx_word' id='word_1_188' title='bbox 1469 2341 1503 2399; x_wconf 89' lang='lat' dir='ltr'>et</span> <span class='ocrx_word' id='word_1_189' title='bbox 1525 2334 1716 2401; x_wconf 87' lang='lat' dir='ltr'>Hermanno</span> <span class='ocrx_word' id='word_1_190' title='bbox 1745 2333 1812 2399; x_wconf 85' lang='lat' dir='ltr'>filio</span> <span class='ocrx_word' id='word_1_191' title='bbox 1835 2334 2023 2401; x_wconf 82' lang='lat' dir='ltr'>Scelmonis</span> 
     </span>
     <span class='ocr_line' id='line_1_20' title="bbox 369 2439 2025 2524; baseline 0 -17"><span class='ocrx_word' id='word_1_192' title='bbox 369 2442 408 2507; x_wconf 90' lang='lat' dir='ltr'>In</span> <span class='ocrx_word' id='word_1_193' title='bbox 431 2441 528 2508; x_wconf 90' lang='lat' dir='ltr'>huius</span> <span class='ocrx_word' id='word_1_194' title='bbox 551 2440 600 2507; x_wconf 91' lang='lat' dir='ltr'>rei</span> <span class='ocrx_word' id='word_1_195' title='bbox 622 2443 722 2507; x_wconf 89' lang='lat' dir='ltr'>robor</span> <span class='ocrx_word' id='word_1_196' title='bbox 746 2450 780 2505; x_wconf 90' lang='lat' dir='ltr'>et</span> <span class='ocrx_word' id='word_1_197' title='bbox 796 2440 1025 2507; x_wconf 88' lang='lat' dir='ltr'>certitudinem</span> <span class='ocrx_word' id='word_1_198' title='bbox 1041 2441 1220 2523; x_wconf 87' lang='lat' dir='ltr'>pleniorem</span> <span class='ocrx_word' id='word_1_199' title='bbox 1235 2460 1371 2523; x_wconf 89' lang='lat' dir='ltr'>presens</span> <span class='ocrx_word' id='word_1_200' title='bbox 1386 2440 1639 2506; x_wconf 87' lang='lat' dir='ltr'>instrumentum</span> <span class='ocrx_word' id='word_1_201' title='bbox 1653 2439 1755 2524; x_wconf 82' lang='lat' dir='ltr'>sigilli</span> <span class='ocrx_word' id='word_1_202' title='bbox 1769 2440 1833 2507; x_wconf 91' lang='lat' dir='ltr'>mei</span> <span class='ocrx_word' id='word_1_203' title='bbox 1849 2441 2025 2507; x_wconf 90' lang='lat' dir='ltr'>munimine</span> 
     </span>
     <span class='ocr_line' id='line_1_21' title="bbox 368 2546 2025 2629; baseline -0.001 -13"><span class='ocrx_word' id='word_1_204' title='bbox 368 2548 571 2616; x_wconf 88' lang='lat' dir='ltr'>communivi.</span> <span class='ocrx_word' id='word_1_205' title='bbox 615 2549 737 2614; x_wconf 88' lang='lat' dir='ltr'>Actum</span> <span class='ocrx_word' id='word_1_206' title='bbox 758 2566 843 2613; x_wconf 86' lang='lat' dir='ltr'>anno</span> <span class='ocrx_word' id='word_1_207' title='bbox 859 2547 1097 2614; x_wconf 86' lang='lat' dir='ltr'>incarnationis</span> <span class='ocrx_word' id='word_1_208' title='bbox 1115 2546 1273 2614; x_wconf 89' lang='lat' dir='ltr'>dominice</span> <span class='ocrx_word' id='word_1_209' title='bbox 1288 2567 1329 2612; x_wconf 93' lang='lat' dir='ltr'>m.</span> <span class='ocrx_word' id='word_1_210' title='bbox 1348 2566 1393 2612; x_wconf 89' lang='lat' dir='ltr'>ce.</span> <span class='ocrx_word' id='word_1_211' title='bbox 1412 2546 1610 2629; x_wconf 74' lang='lat' dir='ltr'>Lxxrnl,</span> <span class='ocrx_word' id='word_1_212' title='bbox 1628 2547 1845 2629; x_wconf 84' lang='lat' dir='ltr'>proximadie</span> <span class='ocrx_word' id='word_1_213' title='bbox 1862 2548 2025 2615; x_wconf 90' lang='lat' dir='ltr'>dominica</span> 
     </span>
     <span class='ocr_line' id='line_1_22' title="bbox 368 2653 1066 2738; baseline -0.001 -16"><span class='ocrx_word' id='word_1_214' title='bbox 368 2662 444 2737; x_wconf 92' lang='lat' dir='ltr'>post</span> <span class='ocrx_word' id='word_1_215' title='bbox 468 2654 588 2722; x_wconf 83' lang='lat' dir='ltr'>testum</span> <span class='ocrx_word' id='word_1_216' title='bbox 611 2654 702 2721; x_wconf 88' lang='lat' dir='ltr'>beati</span> <span class='ocrx_word' id='word_1_217' title='bbox 724 2653 831 2721; x_wconf 90' lang='lat' dir='ltr'>Marci</span> <span class='ocrx_word' id='word_1_218' title='bbox 853 2654 1066 2738; x_wconf 84' lang='lat' dir='ltr'>evangeliste.</span> 
     </span>
    </p>
   </div>
   <div class='ocr_carea' id='block_1_3' title="bbox 580 2794 2026 3042">
    <p class='ocr_par' dir='ltr' id='par_1_3' title="bbox 580 2794 2026 3042">
     <span class='ocr_line' id='line_1_23' title="bbox 580 2794 1890 2875; baseline -0.001 -24"><span class='ocrx_word' id='word_1_219' title='bbox 580 2796 722 2875; x_wconf 74' lang='lat' dir='ltr'>Abscbrift</span> <span class='ocrx_word' id='word_1_220' title='bbox 740 2798 777 2850; x_wconf 82' lang='lat' dir='ltr'>im</span> <span class='ocrx_word' id='word_1_221' title='bbox 796 2796 1292 2852; x_wconf 75' lang='lat' dir='ltr'>Deutscborderrs·Dokamcntenbucb.</span> <span class='ocrx_word' id='word_1_222' title='bbox 1329 2795 1368 2851; x_wconf 71' lang='lat' dir='ltr'>bt.</span> <span class='ocrx_word' id='word_1_223' title='bbox 1383 2797 1418 2850; x_wconf 78' lang='lat' dir='ltr'>A.</span> <span class='ocrx_word' id='word_1_224' title='bbox 1432 2795 1578 2865; x_wconf 73' lang='lat' dir='ltr'>Stuttpart.</span> <span class='ocrx_word' id='word_1_225' title='bbox 1599 2826 1633 2835; x_wconf 87' lang='lat'><em>-</em></span> <span class='ocrx_word' id='word_1_226' title='bbox 1648 2794 1708 2851; x_wconf 77' lang='lat' dir='ltr'>Voss</span> <span class='ocrx_word' id='word_1_227' title='bbox 1726 2797 1890 2852; x_wconf 76' lang='lat' dir='ltr'>Nathurtue.</span> 
     </span>
     <span class='ocr_line' id='line_1_24' title="bbox 582 2884 2026 2955; baseline -0.001 -13"><span class='ocrx_word' id='word_1_228' title='bbox 582 2887 663 2943; x_wconf 68' lang='grc' dir='ltr'><em>θεάν.</em></span> <span class='ocrx_word' id='word_1_229' title='bbox 679 2887 802 2942; x_wconf 73' lang='lat' dir='ltr'>damu:</span> <span class='ocrx_word' id='word_1_230' title='bbox 820 2886 937 2952; x_wconf 55' lang='lat' dir='ltr'>Rumor,</span> <span class='ocrx_word' id='word_1_231' title='bbox 956 2884 1011 2955; x_wconf 87' lang='lat' dir='ltr'>IV,</span> <span class='ocrx_word' id='word_1_232' title='bbox 1031 2890 1090 2941; x_wconf 81' lang='lat'><em>811.</em></span> <span class='ocrx_word' id='word_1_233' title='bbox 1128 2887 1257 2955; x_wconf 66' lang='lat' dir='ltr'>Ammo:</span> <span class='ocrx_word' id='word_1_234' title='bbox 1275 2884 1371 2952; x_wconf 70' lang='lat' dir='ltr'>mura,</span> <span class='ocrx_word' id='word_1_235' title='bbox 1389 2884 1833 2954; x_wconf 63' lang='lat' dir='ltr'>FrankfiNerriuhrrblatt,1859</span> <span class='ocrx_word' id='word_1_236' title='bbox 1852 2909 1886 2932; x_wconf 94' lang='lat'><em>=</em></span> <span class='ocrx_word' id='word_1_237' title='bbox 1906 2886 2026 2952; x_wconf 53' lang='lat' dir='ltr'>Ram,</span> 
     </span>
     <span class='ocr_line' id='line_1_25' title="bbox 633 2974 1112 3042; baseline 0 -13"><span class='ocrx_word' id='word_1_238' title='bbox 633 2976 659 3042; x_wconf 90' lang='lat' dir='ltr'>I,</span> <span class='ocrx_word' id='word_1_239' title='bbox 678 2977 731 3031; x_wconf 81' lang='lat'>355</span> <span class='ocrx_word' id='word_1_240' title='bbox 750 2976 804 3030; x_wconf 73' lang='lat' dir='ltr'>No,</span> <span class='ocrx_word' id='word_1_241' title='bbox 817 2979 871 3029; x_wconf 76' lang='grc'>489</span> <span class='ocrx_word' id='word_1_242' title='bbox 889 2976 959 3030; x_wconf 82' lang='lat' dir='ltr'>nach</span> <span class='ocrx_word' id='word_1_243' title='bbox 978 2974 1112 3030; x_wconf 71' lang='lat' dir='ltr'>ructare.</span> 
     </span>
    </p>
   </div>
   <div class='ocr_carea' id='block_1_4' title="bbox 366 3326 2027 3522">
    <p class='ocr_par' dir='ltr' id='par_1_4' title="bbox 366 3326 2027 3522">
     <span class='ocr_line' id='line_1_26' title="bbox 366 3326 2027 3419; baseline -0.002 -17"><span class='ocrx_word' id='word_1_244' title='bbox 366 3326 457 3403; x_wconf 87' lang='grc'><strong>334.</strong></span> <span class='ocrx_word' id='word_1_245' title='bbox 485 3339 553 3411; x_wconf 82' lang='lat' dir='ltr'>Otto</span> <span class='ocrx_word' id='word_1_246' title='bbox 582 3358 641 3401; x_wconf 79' lang='lat' dir='ltr'>oon</span> <span class='ocrx_word' id='word_1_247' title='bbox 664 3336 865 3401; x_wconf 79' lang='lat' dir='ltr'>Bickenbach</span> <span class='ocrx_word' id='word_1_248' title='bbox 887 3336 969 3419; x_wconf 78' lang='lat' dir='ltr'>piebt</span> <span class='ocrx_word' id='word_1_249' title='bbox 993 3334 1157 3413; x_wconf 68' lang='lat' dir='ltr'>Heirrmcb,</span> <span class='ocrx_word' id='word_1_250' title='bbox 1191 3336 1261 3398; x_wconf 82' lang='lat' dir='ltr'>dem</span> <span class='ocrx_word' id='word_1_251' title='bbox 1293 3333 1513 3416; x_wconf 75' lang='lat' dir='ltr'>Frunlrsuricr</span> <span class='ocrx_word' id='word_1_252' title='bbox 1544 3335 1786 3413; x_wconf 77' lang='lat' dir='ltr'>Schulihcissen,</span> <span class='ocrx_word' id='word_1_253' title='bbox 1820 3334 1886 3397; x_wconf 74' lang='lat' dir='ltr'>rond</span> <span class='ocrx_word' id='word_1_254' title='bbox 1918 3338 2027 3398; x_wconf 61' lang='lat' dir='ltr'>setim</span> 
     </span>
     <span class='ocr_line' id='line_1_27' title="bbox 485 3440 1979 3522; baseline -0.003 -14"><span class='ocrx_word' id='word_1_255' title='bbox 485 3444 609 3508; x_wconf 82' lang='lat' dir='ltr'>Veticrrr</span> <span class='ocrx_word' id='word_1_256' title='bbox 632 3444 786 3507; x_wconf 80' lang='lat' dir='ltr'>Heinrich</span> <span class='ocrx_word' id='word_1_257' title='bbox 810 3442 876 3506; x_wconf 72' lang='lat' dir='ltr'>tired</span> <span class='ocrx_word' id='word_1_258' title='bbox 898 3441 1036 3506; x_wconf 80' lang='lat' dir='ltr'>Kourod</span> <span class='ocrx_word' id='word_1_259' title='bbox 1060 3442 1129 3505; x_wconf 72' lang='lat' dir='ltr'>duri</span> <span class='ocrx_word' id='word_1_260' title='bbox 1152 3440 1265 3522; x_wconf 77' lang='lat' dir='ltr'>Hufcrr</span> <span class='ocrx_word' id='word_1_261' title='bbox 1287 3445 1322 3505; x_wconf 81' lang='lat' dir='ltr'>in</span> <span class='ocrx_word' id='word_1_262' title='bbox 1344 3440 1492 3506; x_wconf 79' lang='lat' dir='ltr'>Kuichcrr</span> <span class='ocrx_word' id='word_1_263' title='bbox 1513 3463 1555 3505; x_wconf 73' lang='lat' dir='ltr'>zu</span> <span class='ocrx_word' id='word_1_264' title='bbox 1577 3440 1692 3505; x_wconf 81' lang='lat' dir='ltr'>Leircri.</span> <span class='ocrx_word' id='word_1_265' title='bbox 1737 3446 1824 3506; x_wconf 70' lang='lat'><strong><em>1274</em></strong></span> <span class='ocrx_word' id='word_1_266' title='bbox 1848 3440 1924 3505; x_wconf 75' lang='lat' dir='ltr'>Mai</span> <span class='ocrx_word' id='word_1_267' title='bbox 1948 3446 1979 3504; x_wconf 85' lang='lat'>1.</span> 
     </span>
    </p>
   </div>
   <div class='ocr_carea' id='block_1_5' title="bbox 364 3581 2026 4825">
    <p class='ocr_par' dir='ltr' id='par_1_5' title="bbox 364 3581 2026 4825">
     <span class='ocr_line' id='line_1_28' title="bbox 473 3581 2025 3663; baseline -0.001 -12"><span class='ocrx_word' id='word_1_268' title='bbox 473 3586 541 3651; x_wconf 90' lang='lat' dir='ltr'>Nos</span> <span class='ocrx_word' id='word_1_269' title='bbox 565 3585 645 3651; x_wconf 91' lang='lat' dir='ltr'>Otto</span> <span class='ocrx_word' id='word_1_270' title='bbox 669 3587 709 3650; x_wconf 87' lang='lat' dir='ltr'>de</span> <span class='ocrx_word' id='word_1_271' title='bbox 732 3583 945 3650; x_wconf 89' lang='lat' dir='ltr'>Bickenbach</span> <span class='ocrx_word' id='word_1_272' title='bbox 978 3590 1132 3649; x_wconf 89' lang='lat' dir='ltr'>constare</span> <span class='ocrx_word' id='word_1_273' title='bbox 1162 3581 1311 3649; x_wconf 86' lang='lat' dir='ltr'>volumus</span> <span class='ocrx_word' id='word_1_274' title='bbox 1334 3581 1497 3649; x_wconf 87' lang='lat' dir='ltr'>universis</span> <span class='ocrx_word' id='word_1_275' title='bbox 1520 3581 1652 3648; x_wconf 89' lang='lat' dir='ltr'>litteras</span> <span class='ocrx_word' id='word_1_276' title='bbox 1682 3583 1743 3647; x_wconf 91' lang='lat' dir='ltr'>has</span> <span class='ocrx_word' id='word_1_277' title='bbox 1773 3581 1906 3663; x_wconf 89' lang='lat' dir='ltr'>visuris,</span> <span class='ocrx_word' id='word_1_278' title='bbox 1937 3585 2025 3663; x_wconf 87' lang='lat' dir='ltr'>quod</span> 
     </span>
     <span class='ocr_line' id='line_1_29' title="bbox 367 3688 2026 3774; baseline -0.002 -16"><span class='ocrx_word' id='word_1_279' title='bbox 367 3694 407 3758; x_wconf 92' lang='lat' dir='ltr'>ob</span> <span class='ocrx_word' id='word_1_280' title='bbox 424 3692 599 3774; x_wconf 87' lang='lat' dir='ltr'>specialem</span> <span class='ocrx_word' id='word_1_281' title='bbox 616 3691 821 3758; x_wconf 89' lang='lat' dir='ltr'>dilectionem</span> <span class='ocrx_word' id='word_1_282' title='bbox 837 3698 871 3757; x_wconf 92' lang='lat' dir='ltr'>et</span> <span class='ocrx_word' id='word_1_283' title='bbox 885 3688 1114 3771; x_wconf 87' lang='lat' dir='ltr'>obsequiorum</span> <span class='ocrx_word' id='word_1_284' title='bbox 1126 3688 1367 3769; x_wconf 83' lang='lat' dir='ltr'>exhibitionem,</span> <span class='ocrx_word' id='word_1_285' title='bbox 1383 3708 1445 3769; x_wconf 90' lang='lat' dir='ltr'>que</span> <span class='ocrx_word' id='word_1_286' title='bbox 1459 3688 1485 3761; x_wconf 84' lang='lat' dir='ltr'>ll</span> <span class='ocrx_word' id='word_1_287' title='bbox 1499 3688 1663 3755; x_wconf 89' lang='lat' dir='ltr'>Henricus</span> <span class='ocrx_word' id='word_1_288' title='bbox 1675 3689 1836 3755; x_wconf 87' lang='lat' dir='ltr'>scultetus</span> <span class='ocrx_word' id='word_1_289' title='bbox 1849 3690 2026 3755; x_wconf 84' lang='lat' dir='ltr'>Franken·</span> 
     </span>
     <span class='ocr_line' id='line_1_30' title="bbox 366 3794 2023 3881; baseline -0.004 -14"><span class='ocrx_word' id='word_1_290' title='bbox 366 3798 547 3881; x_wconf 89' lang='lat' dir='ltr'>vordensis,</span> <span class='ocrx_word' id='word_1_291' title='bbox 565 3801 728 3881; x_wconf 86' lang='lat' dir='ltr'>quondam</span> <span class='ocrx_word' id='word_1_292' title='bbox 744 3796 918 3864; x_wconf 86' lang='lat' dir='ltr'>Wolirami</span> <span class='ocrx_word' id='word_1_293' title='bbox 932 3799 1016 3863; x_wconf 93' lang='lat' dir='ltr'>bone</span> <span class='ocrx_word' id='word_1_294' title='bbox 1032 3794 1184 3863; x_wconf 88' lang='lat' dir='ltr'>memorie</span> <span class='ocrx_word' id='word_1_295' title='bbox 1202 3795 1336 3861; x_wconf 91' lang='lat' dir='ltr'>sculteti</span> <span class='ocrx_word' id='word_1_296' title='bbox 1350 3795 1471 3862; x_wconf 90' lang='lat' dir='ltr'>ibidem</span> <span class='ocrx_word' id='word_1_297' title='bbox 1485 3795 1581 3878; x_wconf 88' lang='lat' dir='ltr'>filius,</span> <span class='ocrx_word' id='word_1_298' title='bbox 1606 3795 1771 3862; x_wconf 92' lang='lat' dir='ltr'>Henricus</span> <span class='ocrx_word' id='word_1_299' title='bbox 1788 3802 1822 3861; x_wconf 90' lang='lat' dir='ltr'>et</span> <span class='ocrx_word' id='word_1_300' title='bbox 1838 3797 2023 3875; x_wconf 84' lang='lat' dir='ltr'>Conradus,</span> 
     </span>
     <span class='ocr_line' id='line_1_31' title="bbox 366 3901 2025 3987; baseline -0.002 -16"><span class='ocrx_word' id='word_1_301' title='bbox 366 3904 499 3987; x_wconf 87' lang='lat' dir='ltr'>fratres,</span> <span class='ocrx_word' id='word_1_302' title='bbox 525 3909 688 3987; x_wconf 86' lang='lat' dir='ltr'>quondam</span> <span class='ocrx_word' id='word_1_303' title='bbox 707 3903 729 3978; x_wconf 80' lang='lat' dir='ltr'>ll</span> <span class='ocrx_word' id='word_1_304' title='bbox 749 3904 878 3970; x_wconf 88' lang='lat' dir='ltr'>Rudolfi</span> <span class='ocrx_word' id='word_1_305' title='bbox 902 3904 1014 3969; x_wconf 89' lang='lat' dir='ltr'>mihtis</span> <span class='ocrx_word' id='word_1_306' title='bbox 1037 3901 1155 3970; x_wconf 77' lang='lat' dir='ltr'>fratris</span> <span class='ocrx_word' id='word_1_307' title='bbox 1169 3904 1220 3970; x_wconf 93' lang='lat' dir='ltr'>W.</span> <span class='ocrx_word' id='word_1_308' title='bbox 1239 3903 1380 3985; x_wconf 90' lang='lat' dir='ltr'>predicti</span> <span class='ocrx_word' id='word_1_309' title='bbox 1402 3901 1469 3985; x_wconf 80' lang='lat' dir='ltr'>filii</span> <span class='ocrx_word' id='word_1_310' title='bbox 1494 3923 1561 3968; x_wconf 86' lang='lat' dir='ltr'>una</span> <span class='ocrx_word' id='word_1_311' title='bbox 1576 3922 1647 3969; x_wconf 87' lang='lat' dir='ltr'>curn</span> <span class='ocrx_word' id='word_1_312' title='bbox 1665 3902 1733 3969; x_wconf 91' lang='lat' dir='ltr'>suis</span> <span class='ocrx_word' id='word_1_313' title='bbox 1756 3901 2025 3986; x_wconf 83' lang='lat' dir='ltr'>progenitoribus</span> 
     </span>
     <span class='ocr_line' id='line_1_32' title="bbox 364 4008 2024 4092; baseline -0.003 -13"><span class='ocrx_word' id='word_1_314' title='bbox 364 4012 429 4079; x_wconf 90' lang='lat' dir='ltr'>iam</span> <span class='ocrx_word' id='word_1_315' title='bbox 463 4012 560 4078; x_wconf 88' lang='lat' dir='ltr'>dictis</span> <span class='ocrx_word' id='word_1_316' title='bbox 592 4011 687 4078; x_wconf 91' lang='lat' dir='ltr'>nobis</span> <span class='ocrx_word' id='word_1_317' title='bbox 718 4010 752 4076; x_wconf 92' lang='lat' dir='ltr'>in</span> <span class='ocrx_word' id='word_1_318' title='bbox 784 4010 961 4076; x_wconf 84' lang='lat' dir='ltr'>multarum</span> <span class='ocrx_word' id='word_1_319' title='bbox 993 4017 1158 4077; x_wconf 85' lang='lat' dir='ltr'>terrarum</span> <span class='ocrx_word' id='word_1_320' title='bbox 1190 4010 1341 4092; x_wconf 91' lang='lat' dir='ltr'>partibus</span> <span class='ocrx_word' id='word_1_321' title='bbox 1373 4009 1611 4091; x_wconf 74' lang='lat' dir='ltr'>inpenderunt,</span> <span class='ocrx_word' id='word_1_322' title='bbox 1637 4010 1804 4092; x_wconf 90' lang='lat' dir='ltr'>predictos</span> <span class='ocrx_word' id='word_1_323' title='bbox 1827 4017 1898 4075; x_wconf 87' lang='lat' dir='ltr'>tres</span> <span class='ocrx_word' id='word_1_324' title='bbox 1920 4008 1948 4081; x_wconf 86' lang='lat' dir='ltr'>ll</span> <span class='ocrx_word' id='word_1_325' title='bbox 1969 4010 2024 4091; x_wconf 90' lang='lat' dir='ltr'>pio</span> 
     </span>
     <span class='ocr_line' id='line_1_33' title="bbox 367 4116 2025 4201; baseline -0.002 -16"><span class='ocrx_word' id='word_1_326' title='bbox 367 4118 486 4185; x_wconf 81' lang='lat' dir='ltr'>affectu</span> <span class='ocrx_word' id='word_1_327' title='bbox 510 4125 544 4184; x_wconf 90' lang='lat' dir='ltr'>et</span> <span class='ocrx_word' id='word_1_328' title='bbox 574 4118 710 4201; x_wconf 91' lang='lat' dir='ltr'>speciali</span> <span class='ocrx_word' id='word_1_329' title='bbox 733 4118 845 4201; x_wconf 88' lang='lat' dir='ltr'>gracia</span> <span class='ocrx_word' id='word_1_330' title='bbox 875 4124 1121 4199; x_wconf 89' lang='lat' dir='ltr'>prosequentes,</span> <span class='ocrx_word' id='word_1_331' title='bbox 1146 4120 1228 4183; x_wconf 92' lang='lat' dir='ltr'>duos</span> <span class='ocrx_word' id='word_1_332' title='bbox 1250 4135 1383 4182; x_wconf 89' lang='lat' dir='ltr'>mansos</span> <span class='ocrx_word' id='word_1_333' title='bbox 1405 4116 1439 4182; x_wconf 90' lang='lat' dir='ltr'>in</span> <span class='ocrx_word' id='word_1_334' title='bbox 1463 4118 1634 4201; x_wconf 85' lang='lat' dir='ltr'>Coychene</span> <span class='ocrx_word' id='word_1_335' title='bbox 1658 4116 1750 4198; x_wconf 89' lang='lat' dir='ltr'>sitos,</span> <span class='ocrx_word' id='word_1_336' title='bbox 1776 4116 1831 4198; x_wconf 88' lang='lat' dir='ltr'>qui</span> <span class='ocrx_word' id='word_1_337' title='bbox 1854 4135 1896 4181; x_wconf 83' lang='lat' dir='ltr'>ex</span> <span class='ocrx_word' id='word_1_338' title='bbox 1918 4116 2025 4199; x_wconf 87' lang='lat' dir='ltr'>resig-</span> 
     </span>
     <span class='ocr_line' id='line_1_34' title="bbox 366 4220 2025 4306; baseline -0.002 -15"><span class='ocrx_word' id='word_1_339' title='bbox 366 4225 499 4291; x_wconf 86' lang='lat' dir='ltr'>natione</span> <span class='ocrx_word' id='word_1_340' title='bbox 523 4224 695 4305; x_wconf 89' lang='lat' dir='ltr'>Richwini,</span> <span class='ocrx_word' id='word_1_341' title='bbox 728 4227 912 4290; x_wconf 88' lang='lat' dir='ltr'>eorumdem</span> <span class='ocrx_word' id='word_1_342' title='bbox 943 4224 1042 4290; x_wconf 91' lang='lat' dir='ltr'>trium</span> <span class='ocrx_word' id='word_1_343' title='bbox 1065 4224 1186 4306; x_wconf 91' lang='lat' dir='ltr'>patrui,</span> <span class='ocrx_word' id='word_1_344' title='bbox 1217 4222 1340 4305; x_wconf 91' lang='lat' dir='ltr'>militis,</span> <span class='ocrx_word' id='word_1_345' title='bbox 1372 4242 1467 4305; x_wconf 87' lang='lat' dir='ltr'>quem</span> <span class='ocrx_word' id='word_1_346' title='bbox 1497 4222 1597 4289; x_wconf 90' lang='lat' dir='ltr'>etiam</span> <span class='ocrx_word' id='word_1_347' title='bbox 1620 4222 1703 4305; x_wconf 91' lang='lat' dir='ltr'>ipsis</span> <span class='ocrx_word' id='word_1_348' title='bbox 1726 4222 1850 4289; x_wconf 90' lang='lat' dir='ltr'>mansis</span> <span class='ocrx_word' id='word_1_349' title='bbox 1873 4220 2025 4288; x_wconf 88' lang='lat' dir='ltr'>inleuda-</span> 
     </span>
     <span class='ocr_line' id='line_1_35' title="bbox 366 4329 2024 4414; baseline -0.004 -13"><span class='ocrx_word' id='word_1_350' title='bbox 366 4333 481 4414; x_wconf 80' lang='lat' dir='ltr'>vimUS,</span> <span class='ocrx_word' id='word_1_351' title='bbox 515 4335 557 4398; x_wconf 86' lang='lat' dir='ltr'>ad</span> <span class='ocrx_word' id='word_1_352' title='bbox 590 4351 649 4399; x_wconf 92' lang='lat' dir='ltr'>nos</span> <span class='ocrx_word' id='word_1_353' title='bbox 682 4330 827 4399; x_wconf 85' lang='lat' dir='ltr'>devoluti</span> <span class='ocrx_word' id='word_1_354' title='bbox 859 4329 1002 4404; x_wconf 79' lang='lat' dir='ltr'>luerunt.</span> <span class='ocrx_word' id='word_1_355' title='bbox 1037 4330 1213 4414; x_wconf 89' lang='lat' dir='ltr'>sepedictis</span> <span class='ocrx_word' id='word_1_356' title='bbox 1247 4331 1353 4397; x_wconf 89' lang='lat' dir='ltr'>tribus</span> <span class='ocrx_word' id='word_1_357' title='bbox 1376 4350 1552 4412; x_wconf 87' lang='lat' dir='ltr'>eorumque</span> <span class='ocrx_word' id='word_1_358' title='bbox 1574 4329 1729 4414; x_wconf 87' lang='lat' dir='ltr'>legitimis</span> <span class='ocrx_word' id='word_1_359' title='bbox 1752 4330 1929 4396; x_wconf 91' lang='lat' dir='ltr'>heredibus</span> <span class='ocrx_word' id='word_1_360' title='bbox 1951 4330 2024 4396; x_wconf 92' lang='lat' dir='ltr'>iure</span> 
     </span>
     <span class='ocr_line' id='line_1_36' title="bbox 367 4436 2022 4522; baseline -0.001 -17"><span class='ocrx_word' id='word_1_361' title='bbox 367 4438 572 4506; x_wconf 87' lang='lat' dir='ltr'>concedimus</span> <span class='ocrx_word' id='word_1_362' title='bbox 588 4436 718 4520; x_wconf 84' lang='lat' dir='ltr'>feodali,</span> <span class='ocrx_word' id='word_1_363' title='bbox 737 4445 771 4504; x_wconf 89' lang='lat' dir='ltr'>et</span> <span class='ocrx_word' id='word_1_364' title='bbox 786 4438 971 4505; x_wconf 90' lang='lat' dir='ltr'>huiusmodi</span> <span class='ocrx_word' id='word_1_365' title='bbox 987 4437 1229 4505; x_wconf 89' lang='lat' dir='ltr'>concessionem</span> <span class='ocrx_word' id='word_1_366' title='bbox 1245 4458 1265 4504; x_wconf 94' lang='lat' dir='ltr'>a</span> <span class='ocrx_word' id='word_1_367' title='bbox 1281 4437 1375 4504; x_wconf 93' lang='lat' dir='ltr'>nobis</span> <span class='ocrx_word' id='word_1_368' title='bbox 1390 4436 1515 4504; x_wconf 85' lang='lat' dir='ltr'>lactem</span> <span class='ocrx_word' id='word_1_369' title='bbox 1531 4444 1663 4522; x_wconf 88' lang='lat' dir='ltr'>gratam</span> <span class='ocrx_word' id='word_1_370' title='bbox 1675 4445 1709 4504; x_wconf 90' lang='lat' dir='ltr'>et</span> <span class='ocrx_word' id='word_1_371' title='bbox 1724 4444 1833 4503; x_wconf 86' lang='lat' dir='ltr'>ratam</span> <span class='ocrx_word' id='word_1_372' title='bbox 1848 4439 2022 4517; x_wconf 83' lang='lat' dir='ltr'>habentes,</span> 
     </span>
     <span class='ocr_line' id='line_1_37' title="bbox 367 4543 2024 4628; baseline -0.001 -17"><span class='ocrx_word' id='word_1_373' title='bbox 367 4544 575 4628; x_wconf 90' lang='lat' dir='ltr'>presentibus</span> <span class='ocrx_word' id='word_1_374' title='bbox 590 4544 712 4611; x_wconf 90' lang='lat' dir='ltr'>litteris</span> <span class='ocrx_word' id='word_1_375' title='bbox 728 4544 965 4611; x_wconf 87' lang='lat' dir='ltr'>confirmamus.</span> <span class='ocrx_word' id='word_1_376' title='bbox 1007 4546 1047 4610; x_wconf 94' lang='lat' dir='ltr'>In</span> <span class='ocrx_word' id='word_1_377' title='bbox 1067 4544 1159 4610; x_wconf 91' lang='lat' dir='ltr'>cuius</span> <span class='ocrx_word' id='word_1_378' title='bbox 1176 4544 1274 4611; x_wconf 91' lang='lat' dir='ltr'>etiam</span> <span class='ocrx_word' id='word_1_379' title='bbox 1291 4543 1340 4611; x_wconf 90' lang='lat' dir='ltr'>rei</span> <span class='ocrx_word' id='word_1_380' title='bbox 1356 4543 1577 4611; x_wconf 89' lang='lat' dir='ltr'>testimoninm</span> <span class='ocrx_word' id='word_1_381' title='bbox 1594 4552 1627 4610; x_wconf 91' lang='lat' dir='ltr'>et</span> <span class='ocrx_word' id='word_1_382' title='bbox 1642 4543 1830 4610; x_wconf 88' lang='lat' dir='ltr'>memoriam</span> <span class='ocrx_word' id='word_1_383' title='bbox 1845 4544 2024 4611; x_wconf 90' lang='lat' dir='ltr'>firmiorem</span> 
     </span>
     <span class='ocr_line' id='line_1_38' title="bbox 367 4649 2022 4736; baseline -0.001 -17"><span class='ocrx_word' id='word_1_384' title='bbox 367 4652 508 4736; x_wconf 85' lang='lat' dir='ltr'>sigillum</span> <span class='ocrx_word' id='word_1_385' title='bbox 539 4660 687 4720; x_wconf 89' lang='lat' dir='ltr'>nostrum</span> <span class='ocrx_word' id='word_1_386' title='bbox 719 4651 930 4735; x_wconf 88' lang='lat' dir='ltr'>apposuimus</span> <span class='ocrx_word' id='word_1_387' title='bbox 960 4652 1036 4717; x_wconf 92' lang='lat' dir='ltr'>huic</span> <span class='ocrx_word' id='word_1_388' title='bbox 1060 4658 1162 4718; x_wconf 88' lang='lat' dir='ltr'>carte.</span> <span class='ocrx_word' id='word_1_389' title='bbox 1209 4652 1330 4717; x_wconf 84' lang='lat' dir='ltr'>Actum</span> <span class='ocrx_word' id='word_1_390' title='bbox 1362 4670 1448 4716; x_wconf 86' lang='lat' dir='ltr'>anno</span> <span class='ocrx_word' id='word_1_391' title='bbox 1483 4649 1604 4716; x_wconf 92' lang='lat' dir='ltr'>domini</span> <span class='ocrx_word' id='word_1_392' title='bbox 1626 4669 1667 4715; x_wconf 94' lang='lat' dir='ltr'>m.</span> <span class='ocrx_word' id='word_1_393' title='bbox 1693 4669 1740 4715; x_wconf 91' lang='lat' dir='ltr'>cc.</span> <span class='ocrx_word' id='word_1_394' title='bbox 1764 4650 1857 4715; x_wconf 82' lang='lat' dir='ltr'>lxx</span> <span class='ocrx_word' id='word_1_395' title='bbox 1889 4659 2022 4731; x_wconf 83' lang='lat' dir='ltr'>quarto,</span> 
     </span>
     <span class='ocr_line' id='line_1_39' title="bbox 365 4757 622 4825; baseline -0.004 0"><span class='ocrx_word' id='word_1_396' title='bbox 365 4757 511 4825; x_wconf 78' lang='lat' dir='ltr'>kalardis</span> <span class='ocrx_word' id='word_1_397' title='bbox 534 4758 622 4825; x_wconf 89' lang='lat' dir='ltr'>maii.</span> 
     </span>
    </p>
   </div>
   <div class='ocr_carea' id='block_1_6' title="bbox 579 4899 1510 5145">
    <p class='ocr_par' dir='ltr' id='par_1_6' title="bbox 579 4899 1510 5145">
     <span class='ocr_line' id='line_1_40' title="bbox 582 4899 1510 4971; baseline -0.003 -15"><span class='ocrx_word' id='word_1_398' title='bbox 582 4900 629 4956; x_wconf 88' lang='lat' dir='ltr'>Or.</span> <span class='ocrx_word' id='word_1_399' title='bbox 645 4900 732 4971; x_wconf 75' lang='lat' dir='ltr'>Ppmt.</span> <span class='ocrx_word' id='word_1_400' title='bbox 747 4901 797 4954; x_wconf 81' lang='lat' dir='ltr'>mit</span> <span class='ocrx_word' id='word_1_401' title='bbox 814 4900 1017 4971; x_wconf 73' lang='lat' dir='ltr'>attanpmdem</span> <span class='ocrx_word' id='word_1_402' title='bbox 1036 4900 1225 4969; x_wconf 68' lang='lat' dir='ltr'>boecbddiptcrr</span> <span class='ocrx_word' id='word_1_403' title='bbox 1243 4899 1337 4971; x_wconf 79' lang='lat' dir='ltr'>Sicpei.</span> <span class='ocrx_word' id='word_1_404' title='bbox 1379 4900 1510 4955; x_wconf 79' lang='lat' dir='ltr'>Ultrtodt.</span> 
     </span>
     <span class='ocr_line' id='line_1_41' title="bbox 579 4988 1070 5057; baseline -0.004 -12"><span class='ocrx_word' id='word_1_405' title='bbox 579 4989 678 5045; x_wconf 70' lang='lat' dir='ltr'>cece:</span> <span class='ocrx_word' id='word_1_406' title='bbox 696 4990 740 5057; x_wconf 92' lang='lat' dir='ltr'>B.,</span> <span class='ocrx_word' id='word_1_407' title='bbox 760 4991 813 5043; x_wconf 83' lang='grc'>168</span> <span class='ocrx_word' id='word_1_408' title='bbox 829 4990 900 5043; x_wconf 80' lang='lat' dir='ltr'>noch</span> <span class='ocrx_word' id='word_1_409' title='bbox 918 4990 977 5043; x_wconf 74' lang='lat' dir='ltr'>deon</span> <span class='ocrx_word' id='word_1_410' title='bbox 998 4988 1044 5044; x_wconf 89' lang='lat' dir='ltr'>Or.</span> <span class='ocrx_word' id='word_1_411' title='bbox 1066 5032 1070 5043; x_wconf 93' lang='lat'><strong><em>.</em></strong></span> 
     </span>
     <span class='ocr_line' id='line_1_42' title="bbox 582 5077 999 5145; baseline -0.002 -13"><span class='ocrx_word' id='word_1_412' title='bbox 582 5077 676 5133; x_wconf 68' lang='lat' dir='ltr'>Vere:</span> <span class='ocrx_word' id='word_1_413' title='bbox 694 5078 791 5133; x_wconf 80' lang='lat' dir='ltr'>Scriba</span> <span class='ocrx_word' id='word_1_414' title='bbox 809 5078 853 5145; x_wconf 83' lang='grc' dir='ltr'>Π,</span> <span class='ocrx_word' id='word_1_415' title='bbox 872 5078 925 5133; x_wconf 84' lang='lat' dir='ltr'>No.</span> <span class='ocrx_word' id='word_1_416' title='bbox 940 5082 999 5133; x_wconf 86' lang='grc'><em>638.</em></span> 
     </span>
    </p>
   </div>
   <div class='ocr_carea' id='block_1_7' title="bbox 364 5428 2022 5842">
    <p class='ocr_par' dir='ltr' id='par_1_7' title="bbox 364 5428 2022 5842">
     <span class='ocr_line' id='line_1_43' title="bbox 364 5428 2021 5522; baseline -0.002 -17"><span class='ocrx_word' id='word_1_417' title='bbox 364 5428 455 5505; x_wconf 83' lang='grc'><strong>335.</strong></span> <span class='ocrx_word' id='word_1_418' title='bbox 481 5437 641 5520; x_wconf 69' lang='lat' dir='ltr'>Goiifried</span> <span class='ocrx_word' id='word_1_419' title='bbox 658 5436 751 5520; x_wconf 84' lang='lat' dir='ltr'><em>(III)</em></span> <span class='ocrx_word' id='word_1_420' title='bbox 777 5458 836 5501; x_wconf 77' lang='lat' dir='ltr'>ooo</span> <span class='ocrx_word' id='word_1_421' title='bbox 858 5436 1013 5519; x_wconf 78' lang='lat' dir='ltr'>Eppsteiot</span> <span class='ocrx_word' id='word_1_422' title='bbox 1029 5437 1095 5501; x_wconf 78' lang='lat' dir='ltr'>aad</span> <span class='ocrx_word' id='word_1_423' title='bbox 1118 5440 1186 5501; x_wconf 81' lang='lat' dir='ltr'>sciri</span> <span class='ocrx_word' id='word_1_424' title='bbox 1201 5438 1447 5521; x_wconf 72' lang='lat' dir='ltr'>picicirnomipcr</span> <span class='ocrx_word' id='word_1_425' title='bbox 1463 5437 1549 5502; x_wconf 72' lang='lat' dir='ltr'>Solen</span> <span class='ocrx_word' id='word_1_426' title='bbox 1565 5437 1713 5521; x_wconf 72' lang='lat' dir='ltr'>stilligero,</span> <span class='ocrx_word' id='word_1_427' title='bbox 1738 5436 1788 5501; x_wconf 83' lang='lat' dir='ltr'>ais</span> <span class='ocrx_word' id='word_1_428' title='bbox 1803 5435 2021 5522; x_wconf 73' lang='lat' dir='ltr'>Lebnstrdper</span> 
     </span>
     <span class='ocr_line' id='line_1_44' title="bbox 479 5542 2022 5626; baseline -0.003 -17"><span class='ocrx_word' id='word_1_429' title='bbox 479 5546 533 5609; x_wconf 84' lang='lat' dir='ltr'>des</span> <span class='ocrx_word' id='word_1_430' title='bbox 557 5546 668 5626; x_wconf 77' lang='lat' dir='ltr'>Stiftes</span> <span class='ocrx_word' id='word_1_431' title='bbox 691 5545 736 5609; x_wconf 76' lang='lat' dir='ltr'>St.</span> <span class='ocrx_word' id='word_1_432' title='bbox 763 5543 911 5621; x_wconf 73' lang='lat' dir='ltr'>Peterin</span> <span class='ocrx_word' id='word_1_433' title='bbox 934 5543 1059 5621; x_wconf 70' lang='lat' dir='ltr'>Maius,</span> <span class='ocrx_word' id='word_1_434' title='bbox 1091 5547 1126 5607; x_wconf 81' lang='lat' dir='ltr'>in</span> <span class='ocrx_word' id='word_1_435' title='bbox 1155 5544 1216 5607; x_wconf 81' lang='lat' dir='ltr'>den</span> <span class='ocrx_word' id='word_1_436' title='bbox 1244 5543 1390 5624; x_wconf 78' lang='lat' dir='ltr'>Verluuf</span> <span class='ocrx_word' id='word_1_437' title='bbox 1417 5544 1473 5607; x_wconf 82' lang='lat' dir='ltr'>der</span> <span class='ocrx_word' id='word_1_438' title='bbox 1496 5565 1556 5607; x_wconf 78' lang='lat' dir='ltr'>oon</span> <span class='ocrx_word' id='word_1_439' title='bbox 1578 5544 1673 5608; x_wconf 76' lang='lat' dir='ltr'>ihren</span> <span class='ocrx_word' id='word_1_440' title='bbox 1695 5542 1745 5608; x_wconf 76' lang='lat' dir='ltr'>als</span> <span class='ocrx_word' id='word_1_441' title='bbox 1767 5543 1954 5624; x_wconf 75' lang='lat' dir='ltr'>Aficrlchen</span> <span class='ocrx_word' id='word_1_442' title='bbox 1975 5565 2022 5608; x_wconf 80' lang='lat' dir='ltr'>arr</span> 
     </span>
     <span class='ocr_line' id='line_1_45' title="bbox 479 5648 2020 5735; baseline -0.001 -20"><span class='ocrx_word' id='word_1_443' title='bbox 479 5652 540 5715; x_wconf 77' lang='lat' dir='ltr'>den</span> <span class='ocrx_word' id='word_1_444' title='bbox 562 5651 665 5716; x_wconf 83' lang='lat' dir='ltr'>Ri&#39;tter</span> <span class='ocrx_word' id='word_1_445' title='bbox 688 5651 850 5716; x_wconf 79' lang='lat' dir='ltr'>Hartrnud</span> <span class='ocrx_word' id='word_1_446' title='bbox 880 5672 940 5715; x_wconf 64' lang='lat' dir='ltr'>ivon</span> <span class='ocrx_word' id='word_1_447' title='bbox 962 5650 1224 5716; x_wconf 79' lang='lat' dir='ltr'>Sociiserrbauserr</span> <span class='ocrx_word' id='word_1_448' title='bbox 1254 5655 1358 5715; x_wconf 74' lang='lat' dir='ltr'>rocrter</span> <span class='ocrx_word' id='word_1_449' title='bbox 1381 5650 1571 5714; x_wconf 79' lang='lat' dir='ltr'>oeriieberrcn</span> <span class='ocrx_word' id='word_1_450' title='bbox 1599 5648 1713 5731; x_wconf 74' lang='lat' dir='ltr'>Hatfte</span> <span class='ocrx_word' id='word_1_451' title='bbox 1735 5650 1792 5715; x_wconf 79' lang='lat' dir='ltr'>der</span> <span class='ocrx_word' id='word_1_452' title='bbox 1819 5649 1931 5735; x_wconf 74' lang='lat' dir='ltr'>Voptci</span> <span class='ocrx_word' id='word_1_453' title='bbox 1953 5649 2020 5713; x_wconf 80' lang='lat' dir='ltr'>und</span> 
     </span>
     <span class='ocr_line' id='line_1_46' title="bbox 479 5756 2019 5842; baseline 0.001 -22"><span class='ocrx_word' id='word_1_454' title='bbox 479 5758 533 5821; x_wconf 87' lang='lat' dir='ltr'>des</span> <span class='ocrx_word' id='word_1_455' title='bbox 565 5756 781 5841; x_wconf 77' lang='lat' dir='ltr'>Voptpcricirts</span> <span class='ocrx_word' id='word_1_456' title='bbox 810 5780 852 5821; x_wconf 80' lang='lat' dir='ltr'>ru</span> <span class='ocrx_word' id='word_1_457' title='bbox 879 5756 1003 5842; x_wconf 75' lang='lat' dir='ltr'>Bic&#39;rpel</span> <span class='ocrx_word' id='word_1_458' title='bbox 1026 5780 1068 5822; x_wconf 85' lang='lat' dir='ltr'>an</span> <span class='ocrx_word' id='word_1_459' title='bbox 1098 5758 1159 5823; x_wconf 80' lang='lat' dir='ltr'>cies</span> <span class='ocrx_word' id='word_1_460' title='bbox 1186 5757 1274 5840; x_wconf 67' lang='lat' dir='ltr'>steri,</span> <span class='ocrx_word' id='word_1_461' title='bbox 1305 5758 1457 5821; x_wconf 78' lang='lat' dir='ltr'>nocirdcm</span> <span class='ocrx_word' id='word_1_462' title='bbox 1479 5757 1573 5821; x_wconf 81' lang='lat' dir='ltr'>ibnerr</span> <span class='ocrx_word' id='word_1_463' title='bbox 1602 5757 1704 5821; x_wconf 81' lang='lat' dir='ltr'>dieser</span> <span class='ocrx_word' id='word_1_464' title='bbox 1737 5757 1841 5837; x_wconf 77' lang='lat' dir='ltr'>dafrir</span> <span class='ocrx_word' id='word_1_465' title='bbox 1868 5758 2019 5822; x_wconf 63' lang='lat' dir='ltr'>munte</span> 
     </span>
    </p>
   </div>
   <div class='ocr_carea' id='block_1_8' title="bbox 0 0 2204 6384">
    <p class='ocr_par' dir='ltr' id='par_1_8' title="bbox 0 0 2204 6384">
     <span class='ocr_line' id='line_1_47' title="bbox 0 0 2204 6384; baseline 0 0"><span class='ocrx_word' id='word_1_466' title='bbox 0 0 2204 6384; x_wconf 95' lang='lat' dir='ltr'> </span> 
     </span>
    </p>
   </div>
  </div>
 </body>
</html>
