4400 6384
289 376 291 383 y
384 296 447 360 222
965 294 1128 363 raaaApro
1152 296 1182 347 ra
1203 327 1234 334 -
1256 296 1460 349 rasataim.

380 490 580 574 sanguineus
612 494 651 557 de
684 494 901 573 Husenstam,
933 493 1242 566 renunciavellrnnt
1272 493 1420 559 omnibus
1450 492 1544 559 bonis
1575 514 1685 559 coram
1715 493 1810 559 nobis
1839 493 2036 571 voluntarie,

379 598 562 664 iacentibus
579 598 612 664 in
629 600 776 665 terminis
793 619 849 665 sen
867 600 1078 680 pertinenciis
1095 600 1172 666 ville
1190 600 1373 682 1122222122,
1391 601 1468 673 11212
1485 600 1602 681 quibus
1618 601 1746 681 questio
1761 600 1849 666 inter
1864 600 2037 684 religiosos

379 704 468 770 viros
486 758 491 769 .
512 757 518 770 .
537 710 830 771 commendatorem
855 714 888 771 21
912 706 1035 772 1221222
1060 706 1284 772 Τ2221222122
1308 710 1422 773 domus
1444 707 1479 772 12
1506 707 1733 772 32222222222
1755 710 1842 787 apud
1862 708 2037 773 22221222-

378 819 453 878 2221
484 832 524 877 22
555 818 651 894 parte
681 833 758 895 una,
791 820 824 879 21
855 813 945 893 12222
970 813 1179 895 supradictos
1210 815 1249 879 de
1273 814 1475 879 Husenstam
1499 834 1538 879 22
1563 813 1671 879 211222
1693 815 1897 880 vertebatur.
1937 816 2034 879 Bona

380 926 499 999 autern,
525 938 624 999 super
647 920 764 1001 quibus
789 920 1075 1001 renunciaverunt,
1102 927 1179 985 sunt
1202 921 1279 986 hec:
1306 920 1431 986 scilicet
1447 920 1566 1003 viginti
1582 919 1648 985 tria
1663 920 1779 1003 iugera
1794 928 1883 985 terre
1899 920 2038 986 22221112

379 1033 412 1092 21
434 1046 501 1092 222
525 1027 616 1093 22212
638 1026 719 1108 ipsis
743 1028 836 1093 bonis
861 1026 1015 1108 attinens
1041 1027 1120 1093 item
1143 1047 1200 1093 222
1224 1027 1329 1093 mansi
1353 1036 1442 1093 12222
1458 1026 1594 1093 22221112
1611 1046 1683 1091 cum
1699 1026 1799 1091 curiis
1815 1026 2035 1093 attinentibus

378 1132 459 1214 ipsis
484 1133 622 1215 mansis;
649 1133 866 1215 promiserunt
892 1135 994 1200 221222
1019 1154 1077 1215 pro
1102 1154 1137 1199 se
1161 1142 1196 1199 et
1218 1134 1286 1199 2212
1311 1133 1494 1214 bere-dibus,
1516 1134 1622 1200 dictos
1640 1185 1646 1198 .
1666 1186 1672 1197 .
1690 1137 1986 1201 commendatorem
2002 1142 2036 1201 21

378 1238 503 1306 1221222
533 1260 696 1321 nunquam
728 1241 872 1315 consilio,
905 1241 1036 1321 auxilio,
1068 1242 1122 1308 vel
1152 1262 1250 1323 opere
1280 1241 1427 1324 inpedire
1458 1240 1528 1307 sive
1559 1240 1735 1307 molestare
1759 1260 1876 1321 perse
1899 1242 2037 1321 221222

379 1366 596 1427 quoscumque
620 1346 702 1413 alios
725 1347 759 1412 in
783 1348 877 1413 bonis
901 1348 1109 1429 supradictis.
1157 1350 1224 1413 Nos
1248 1348 1371 1414 indices
1394 1355 1509 1413 222212
1525 1346 1719 1430 llaguntiue
1742 1347 1840 1426 222112,
1866 1354 2034 1413 21222..

379 1454 483 1519 22222
516 1454 624 1519 222211
646 1454 783 1535 Albani,
816 1475 941 1521 necnon
975 1455 1094 1521 civitas
1127 1455 1161 1520 in
1185 1456 1420 1521 Frankenvort
1452 1456 1493 1519 ad
1524 1461 1675 1537 rogatum
1707 1453 1854 1536 parcium
1882 1453 2036 1520 hincinde

378 1559 486 1643 sigilla
517 1568 631 1627 nostra
661 1581 727 1626 una
754 1580 826 1626 cum
850 1561 966 1645 sigillis
990 1560 1138 1627 Heinrici
1161 1568 1195 1627 21
1220 1559 1333 1627 Silridi
1356 1560 1498 1627 fratrum
1521 1563 1561 1626 de
1585 1560 1788 1626 Husenstam
1810 1560 1886 1626 2212
1910 1560 2036 1643 2221212

378 1666 527 1732 duximus
559 1670 762 1749 apponenda.
810 1669 877 1734 Nos
901 1669 1103 1749 Gerhardus
1129 1670 1309 1749 0222221222,
1335 1666 1458 1734 1221222
1488 1670 1529 1733 de
1552 1668 1764 1748 Husenstam
1794 1673 1828 1733 et
1852 1669 2033 1744 Comedus

376 1772 462 1839 filius
487 1773 661 1839 Alberadis
685 1782 797 1839 noster
822 1774 1094 1857 consanguineus
1120 1775 1197 1856 quia
1214 1774 1323 1859 sigilla
1338 1774 1473 1856 2222212
1489 1794 1553 1840 222
1569 1774 1736 1853 habemus
1761 1773 1909 1840 contenti
1923 1793 2035 1839 sumus

378 1879 493 1963 sigillis
523 1880 724 1947 dominorum
754 1880 895 1946 indicum
926 1881 1207 1964 llaguntinorron‚
1240 1880 1361 1947 domini
1391 1879 1523 1947 abbatis
1554 1880 1727 1961 antedicti,
1759 1886 1794 1946 et
1823 1879 1970 1947 civitatis
2000 1880 2035 1945 in

377 1987 621 2093 Forankenvort,
648 1996 681 2053 et
703 1986 844 2054 fratrum
867 1996 1062 2053 nostrorum.
1105 1991 1224 2054 Actum
1248 1988 1432 2071 Magruncie,
1454 2006 1540 2053 anno
1563 1986 1747 2053 (1222121212.
1770 1981 1812 2053 o'c.
1835 1966 2034 2067 inxli„

377 2093 534 2159 11112122
560 2094 684 2175 aprilis.

590 2235 763 2306 Anbdnqeod
781 2240 810 2301 1)
826 2235 913 2305 Sleqel
930 2236 978 2290 der
990 2237 1119 2291 maiorer
1132 2237 1252 2304 Richter,
1270 2240 1301 2299 2)
1320 2235 1367 2289 dea
1380 2237 1464 2290 22122
1475 2234 1595 2289 Koorod
1613 2252 1666 2289 voa
1677 2234 1717 2289 st.
1727 2236 1828 2299 Alban,
1848 2236 1877 2300 3)
1890 2234 1941 2288 der
1952 2234 2035 2289 812211

644 2324 803 2388 Frankfart
824 2330 875 2391 (2),
894 2328 923 2388 4)
943 2326 989 2380 dea
1001 2326 1107 2380 Ridere
1126 2326 1260 2380 1121221212
1278 2342 1331 2379 222
1343 2324 1559 2389 112222222122222,
1579 2328 1609 2391 5)
1628 2324 1674 2378 dea
1688 2322 1827 2394 8122121221
1844 2340 1896 2378 222
1909 2323 2036 2377 Heum-

643 2420 747 2468 2122222.
787 2416 860 2479 (Ata
879 2420 960 2469 etwas
980 2414 1155 2485 2222122121.)

592 2503 690 2558 1122122
709 2504 1000 2573 Correspondeaadlott
1018 2504 1064 2559 dea
1084 2504 1327 2559 Geaomratoereina
1346 2506 1414 2556 naal
1434 2502 1598 2569 (XXXII),
1615 2504 1651 2555 21
1669 2502 1741 2555 narb
1758 2502 1818 2555 dem
1839 2501 1910 2557 On?

595 2592 687 2646 Vera:
705 2592 817 2662 11212212,
836 2592 1029 2663 Bdrqerllrum,
1049 2593 1126 2646 Norae
1145 2592 1239 2661 Folqe,
1258 2596 1317 2645 402.

376 2878 468 2955 459.
493 2886 555 2952 Dic
586 2887 724 2969 Pinara·
756 2910 812 2950 roo
842 2886 1027 2968 1122111221
1057 2885 1256 2968 (Erprehtus
1286 2888 1326 2951 212
1350 2886 1622 2970 Frankenvnrtn)
1652 2888 1720 2951 2221
1746 2886 1939 2972 1111ᾱί21222
1971 2893 2034 2953 enl-

492 2996 635 3059 2212212122
663 2996 712 3059 cla
736 2994 980 3059 ardinio-telon·
1004 2998 1090 3057 21222
1115 2998 1209 3057 Struit
1231 2994 1384 3057 2221221222
1408 2996 1477 3058 dem
1501 2994 1634 3059 11122122
1656 2996 1861 3059 3211121122
1883 2995 1951 3058 and
1973 2996 2034 3059 21222

494 3102 681 3167 Antoniano
703 3124 743 3165 222
768 3100 938 3181 1122221221.
990 3100 1162 3182 1122221221,
1188 3107 1278 3165 1231)
1299 3102 1396 3182 April
1419 3107 1471 3165 12.
1522 3100 1619 3185 (dum.
1637 3100 1863 3166 misericordia
1886 3100 2034 3187 domini.)

592 3244 691 3297 Gedr.:
709 3242 826 3309 11212122,
846 3241 871 3309 Ι,
890 3246 942 3295 431
962 3243 1031 3295 oraclo
1050 3242 1109 3295 dem
1131 3242 1328 3313 0219221122
1349 3243 1387 3295 St.
1401 3244 1437 3297 A.
1451 3243 1596 3311 11222222.

376 3530 468 3606 460.
492 3538 660 3617 1122122212,
683 3538 875 3602 Kromna-os
900 3542 931 3601 in
950 3538 1081 3615 librom,
1106 3538 1231 3601 22122211
1253 3536 2034 3603 (122211221221222212221222222182212222122222

491 3648 540 3710 2112
566 3668 622 3710 con
645 3644 878 3710 2212221Ε112221
902 3644 1157 3708 222221221111122
1179 3644 1390 3709 r'alll’inbeirn
1413 3644 1577 3723 212121,
1602 3649 1692 3707 dunler
1706 3644 1872 3725 ll'irlerruf
1883 3646 2036 3725 1221122222·

492 3753 625 3817 retulero·
647 3753 884 3835 l'ers'dqnnqeo.
933 3750 1119 3815 1232111221
1143 3756 1194 3815 13.

483 3897 550 3961 Nos
585 3894 804 3973 Β221221222,
839 3892 1015 3960 222221222
1050 3892 1187 3958 ecclesie
1217 3891 1481 3971 WormaciensiS,
1517 3898 1631 3957 tenore
1667 3892 1870 3972 presencium
1902 3893 2035 3975 publice

377 4004 566 4086 profitemur·
591 4022 630 4068 ac
654 4010 807 4067 constare
832 4000 978 4083 cupimus
994 3997 1199 4081 presencium
1214 3997 1455 4079 inspectoribus
1473 3998 1647 4080 universis
1671 4002 1758 4079 quod
1773 3999 1930 4066 universa
1946 4002 2035 4067 bona

376 4117 492 4175 nostra
521 4108 697 4175 immobilia
726 4108 760 4173 in
784 4107 965 4173 Wienheim
996 4126 1035 4173 22
1064 4106 1098 4172 12
1130 4105 1278 4172 terminis
1306 4105 1409 4186 ipsius
1440 4104 1516 4171 ville
1546 4104 1623 4185 sita,
1655 4124 1696 4171 22
1725 4111 1830 4172 morte
1857 4116 2036 4187 pareutum

377 4223 563 4282 nostrornm
594 4218 635 4281 ad
666 4235 726 4279 222
756 4214 826 4280 1222
855 4212 1054 4279 hereditario
1085 4214 1252 4291 devoluta,
1277 4212 1386 4278 domui
1409 4212 1612 4278 'Phentonice
1635 4212 1670 4277 in
1693 4214 1919 4279 Sassenbusen
1943 4217 2034 4295 apud

377 4321 622 4388 Franckeniort
657 4341 737 4404 pure
773 4320 967 4386 contulimus
1003 4320 1035 4385 in
1072 4319 1248 4385 remedium
1283 4318 1465 4385 animarum
1500 4326 1672 4401 parentum
1708 4326 1905 4400 nostrorum,
1937 4318 2037 4387 iacta

378 4428 556 4495 donatione
580 4428 742 4493 dictorum
766 4429 923 4491 bonorum
946 4426 1027 4509 ipsis
1052 4424 1308 4492 commendatori
1331 4432 1365 4491 21
1387 4422 1550 4492 iratribus
1578 4426 1725 4508 predicte
1749 4429 1863 4492 domus
1885 4426 1919 4492 in
1943 4427 2036 4493 dicte

376 4534 452 4601 ville
465 4535 664 4602 Weienheim
689 4534 807 4600 iudicio
832 4533 981 4599 seculari.
1008 4534 1215 4599 Revocemus
1239 4538 1273 4597 et
1296 4532 1538 4614 qualescunque
1562 4532 1678 4598 literas
1702 4551 1801 4615 super
1816 4532 1914 4598 dictis
1934 4532 2038 4599 22212

377 4642 623 4724 quibuscunque
654 4662 675 4707 a
705 4640 798 4707 nobis
831 4643 928 4705 datas
959 4660 1016 4705 seu
1041 4645 1195 4721 optentas
1220 4646 1253 4703 et
1276 4638 1435 4719 volumus,
1460 4645 1497 4703 ut
1521 4638 1601 4704 dicti
1623 4636 1749 4705 1221222
1772 4637 1863 4705 211212
1885 4641 1974 4705 bona
1998 4639 2037 4705 in

377 4757 568 4831 perpetuum
592 4748 783 4830 possideant
808 4748 942 4827 pacifice
968 4754 1000 4812 21
1025 4746 1143 4828 quiete.
1192 4745 1231 4810 In
1257 4744 1348 4811 cuius
1371 4745 1420 4810 rei
1443 4743 1664 4811 testimonium
1689 4753 1875 4827 presentem
1897 4744 2037 4812 literam

377 4854 482 4939 sigillo
513 4861 626 4921 nostro
657 4853 813 4935 predictis
845 4852 1100 4919 commendatori
1131 4860 1164 4918 et
1195 4849 1356 4917 iratribus
1387 4850 1581 4917 tradidimus
1605 4853 1804 4918 roboratam.
1852 4854 1971 4918 Actum
2000 4862 2038 4918 ct

376 4966 488 5027 datum
512 4982 597 5027 anno
621 4960 742 5027 domini
764 4959 932 5027 millesimo
957 4960 1178 5026 ducentesimo
1203 4957 1425 5041 octuagesimo
1450 4961 1603 5040 secundo,
1629 4958 1731 5024 122212
1755 4958 1829 5024 idus
1852 4958 1937 5025 maii.

589 5102 731 5167 Adscbrr'st
752 5102 787 5155 ion
806 5100 1296 5155 Deulaudandans-Dolaorrentenbncb
1314 5100 1429 5166 13201.
1466 5100 1506 5155 St.
1519 5102 1553 5155 A.
1571 5099 1718 5171 Stultqurl.
1739 5132 1771 5138 —
1787 5100 1845 5154 Von
1867 5102 2038 5156 1121122122.

374 5399 465 5473 461.
489 5406 726 5472 112211212222
748 5408 907 5491 2212111212
925 5408 1052 5471 11221211
1076 5408 1275 5483 inroranda,
1300 5407 1377 5471 21222
1395 5406 1524 5487 Philipp
1546 5406 1602 5469 2122
1617 5407 1760 5490 «11122222
1778 5428 1838 5471 ron
1853 5406 2040 5488 Holrenfcls

490 5519 605 5579 2212212
637 5515 825 5596 2122222222
859 5513 922 5595 (torf
953 5516 1012 5579 2122
1045 5513 1194 5579 111212221-
1226 5513 1356 5597 11112222·
1387 5512 1525 5577 11222221
1556 5512 1658 5577 Kolbe
1692 5534 1752 5577 oon
1783 5513 1955 5578 1122112122
1991 5538 2039 5579 ru

493 5623 637 5685 (1222122
665 5621 719 5685 2122
749 5619 1121 5686 1122122122212221222222
1150 5642 1191 5683 aa
1214 5620 1474 5684 Surlrsenlmuscot
1503 5620 1570 5683 2221
1598 5620 1653 5683 2122
1676 5618 1826 5684 111221222
1850 5620 2041 5701 1121221221

490 5732 612 5811 22122221
635 5728 721 5791 lenire.
770 5726 893 5807 Modra,
919 5726 1178 5791 uenalicias.
