<?xml version="1.0" encoding="UTF-8"?>
<!DOCTYPE html PUBLIC "-//W3C//DTD XHTML 1.0 Transitional//EN"
    "http://www.w3.org/TR/xhtml1/DTD/xhtml1-transitional.dtd">
<html xmlns="http://www.w3.org/1999/xhtml" xml:lang="en" lang="en">
 <head>
  <title>
</title>
<meta http-equiv="Content-Type" content="text/html;charset=utf-8" />
  <meta name='ocr-system' content='tesseract 3.04.00' />
  <meta name='ocr-capabilities' content='ocr_page ocr_carea ocr_par ocr_line ocrx_word'/>
</head>
<body>
  <div class='ocr_page' id='page_1' title='image "./codexdiplomatic00nathgoog_0088.png"; bbox 0 0 4400 6384; ppageno 0'>
   <div class='ocr_carea' id='block_1_1' title="bbox 391 289 1340 358">
    <p class='ocr_par' dir='ltr' id='par_1_1' title="bbox 391 289 1340 358">
     <span class='ocr_line' id='line_1_1' title="bbox 391 289 1340 358; baseline -0.001 -15"><span class='ocrx_word' id='word_1_1' title='bbox 391 293 431 356; x_wconf 77' lang='lat'>72</span> <span class='ocrx_word' id='word_1_2' title='bbox 1097 289 1167 343; x_wconf 79' lang='lat'>1246</span> <span class='ocrx_word' id='word_1_3' title='bbox 1186 289 1297 358; x_wconf 77' lang='lat' dir='ltr'>August</span> <span class='ocrx_word' id='word_1_4' title='bbox 1315 290 1340 342; x_wconf 78' lang='lat' dir='ltr'>b.</span> 
     </span>
    </p>
   </div>
   <div class='ocr_carea' id='block_1_2' title="bbox 388 482 2049 2276">
    <p class='ocr_par' dir='ltr' id='par_1_2' title="bbox 388 482 2049 2276">
     <span class='ocr_line' id='line_1_2' title="bbox 389 482 2048 567; baseline -0.002 -15"><span class='ocrx_word' id='word_1_5' title='bbox 389 506 429 552; x_wconf 90' lang='lat' dir='ltr'>ac</span> <span class='ocrx_word' id='word_1_6' title='bbox 453 493 639 552; x_wconf 88' lang='lat' dir='ltr'>eternorum</span> <span class='ocrx_word' id='word_1_7' title='bbox 662 485 783 552; x_wconf 91' lang='lat' dir='ltr'>intuitu</span> <span class='ocrx_word' id='word_1_8' title='bbox 800 486 960 553; x_wconf 89' lang='lat' dir='ltr'>seminare</span> <span class='ocrx_word' id='word_1_9' title='bbox 976 486 1134 567; x_wconf 85' lang='lat' dir='ltr'>interris,</span> <span class='ocrx_word' id='word_1_10' title='bbox 1159 489 1243 567; x_wconf 89' lang='lat' dir='ltr'>quod</span> <span class='ocrx_word' id='word_1_11' title='bbox 1264 489 1421 553; x_wconf 79' lang='lat' dir='ltr'>reddente</span> <span class='ocrx_word' id='word_1_12' title='bbox 1437 483 1566 551; x_wconf 91' lang='lat' dir='ltr'>domino</span> <span class='ocrx_word' id='word_1_13' title='bbox 1582 504 1654 551; x_wconf 87' lang='lat' dir='ltr'>cum</span> <span class='ocrx_word' id='word_1_14' title='bbox 1669 483 1887 566; x_wconf 89' lang='lat' dir='ltr'>multiplicato</span> <span class='ocrx_word' id='word_1_15' title='bbox 1902 482 2048 555; x_wconf 78' lang='lat' dir='ltr'>truella</span> 
     </span>
     <span class='ocr_line' id='line_1_3' title="bbox 390 591 2048 676; baseline -0.002 -17"><span class='ocrx_word' id='word_1_16' title='bbox 390 592 579 676; x_wconf 83' lang='lat' dir='ltr'>recolligere</span> <span class='ocrx_word' id='word_1_17' title='bbox 604 595 779 658; x_wconf 80' lang='lat' dir='ltr'>debeamus</span> <span class='ocrx_word' id='word_1_18' title='bbox 801 591 835 658; x_wconf 91' lang='lat' dir='ltr'>in</span> <span class='ocrx_word' id='word_1_19' title='bbox 859 593 947 674; x_wconf 79' lang='lat' dir='ltr'>celis,</span> <span class='ocrx_word' id='word_1_20' title='bbox 980 594 1106 660; x_wconf 89' lang='lat' dir='ltr'>firmam</span> <span class='ocrx_word' id='word_1_21' title='bbox 1129 611 1221 674; x_wconf 90' lang='lat' dir='ltr'>spem</span> <span class='ocrx_word' id='word_1_22' title='bbox 1242 591 1458 674; x_wconf 87' lang='lat' dir='ltr'>fiduciamque</span> <span class='ocrx_word' id='word_1_23' title='bbox 1482 596 1643 672; x_wconf 86' lang='lat' dir='ltr'>tenentes,</span> <span class='ocrx_word' id='word_1_24' title='bbox 1668 591 1831 672; x_wconf 87' lang='lat' dir='ltr'>quoniam,</span> <span class='ocrx_word' id='word_1_25' title='bbox 1863 592 1919 673; x_wconf 90' lang='lat' dir='ltr'>qni</span> <span class='ocrx_word' id='word_1_26' title='bbox 1944 611 2048 673; x_wconf 88' lang='lat' dir='ltr'>parce</span> 
     </span>
     <span class='ocr_line' id='line_1_4' title="bbox 389 697 2048 780; baseline -0.001 -15"><span class='ocrx_word' id='word_1_27' title='bbox 389 698 538 780; x_wconf 90' lang='lat' dir='ltr'>seminat,</span> <span class='ocrx_word' id='word_1_28' title='bbox 573 717 671 780; x_wconf 89' lang='lat' dir='ltr'>parce</span> <span class='ocrx_word' id='word_1_29' title='bbox 702 707 734 764; x_wconf 88' lang='lat' dir='ltr'>et</span> <span class='ocrx_word' id='word_1_30' title='bbox 765 705 875 777; x_wconf 84' lang='lat' dir='ltr'>metet,</span> <span class='ocrx_word' id='word_1_31' title='bbox 910 706 944 766; x_wconf 90' lang='lat' dir='ltr'>et</span> <span class='ocrx_word' id='word_1_32' title='bbox 976 699 1031 780; x_wconf 90' lang='lat' dir='ltr'>qui</span> <span class='ocrx_word' id='word_1_33' title='bbox 1063 699 1203 766; x_wconf 89' lang='lat' dir='ltr'>seminat</span> <span class='ocrx_word' id='word_1_34' title='bbox 1234 698 1269 764; x_wconf 93' lang='lat' dir='ltr'>in</span> <span class='ocrx_word' id='word_1_35' title='bbox 1300 697 1590 778; x_wconf 87' lang='lat' dir='ltr'>benedictionibus,</span> <span class='ocrx_word' id='word_1_36' title='bbox 1623 700 1664 764; x_wconf 90' lang='lat' dir='ltr'>de</span> <span class='ocrx_word' id='word_1_37' title='bbox 1696 697 1980 765; x_wconf 81' lang='lat' dir='ltr'>benedictionibus</span> <span class='ocrx_word' id='word_1_38' title='bbox 2014 705 2048 763; x_wconf 92' lang='lat' dir='ltr'>et</span> 
     </span>
     <span class='ocr_line' id='line_1_5' title="bbox 389 803 2048 888; baseline -0.001 -17"><span class='ocrx_word' id='word_1_39' title='bbox 389 811 513 872; x_wconf 78' lang='lat' dir='ltr'>metet·</span> <span class='ocrx_word' id='word_1_40' title='bbox 535 804 638 873; x_wconf 91' lang='lat' dir='ltr'>vitam</span> <span class='ocrx_word' id='word_1_41' title='bbox 662 812 817 872; x_wconf 88' lang='lat' dir='ltr'>eternam.</span> <span class='ocrx_word' id='word_1_42' title='bbox 855 807 934 872; x_wconf 82' lang='lat' dir='ltr'>Cum</span> <span class='ocrx_word' id='word_1_43' title='bbox 957 805 1060 888; x_wconf 84' lang='lat' dir='ltr'>igitur</span> <span class='ocrx_word' id='word_1_44' title='bbox 1080 805 1193 871; x_wconf 91' lang='lat' dir='ltr'>dilecti</span> <span class='ocrx_word' id='word_1_45' title='bbox 1207 804 1266 870; x_wconf 92' lang='lat' dir='ltr'>filii</span> <span class='ocrx_word' id='word_1_46' title='bbox 1280 803 1406 871; x_wconf 88' lang='lat' dir='ltr'>iratres</span> <span class='ocrx_word' id='word_1_47' title='bbox 1420 804 1544 871; x_wconf 88' lang='lat' dir='ltr'>ordinis</span> <span class='ocrx_word' id='word_1_48' title='bbox 1559 804 1807 871; x_wconf 86' lang='lat' dir='ltr'>Predicatorum</span> <span class='ocrx_word' id='word_1_49' title='bbox 1822 803 1856 870; x_wconf 92' lang='lat' dir='ltr'>in</span> <span class='ocrx_word' id='word_1_50' title='bbox 1871 805 2048 870; x_wconf 76' lang='lat' dir='ltr'>Franken-</span> 
     </span>
     <span class='ocr_line' id='line_1_6' title="bbox 389 910 2048 996; baseline -0.002 -17"><span class='ocrx_word' id='word_1_51' title='bbox 389 913 487 979; x_wconf 89' lang='lat' dir='ltr'>vorth</span> <span class='ocrx_word' id='word_1_52' title='bbox 502 912 695 996; x_wconf 85' lang='lat' dir='ltr'>Maguntine</span> <span class='ocrx_word' id='word_1_53' title='bbox 719 911 858 979; x_wconf 90' lang='lat' dir='ltr'>diocesis</span> <span class='ocrx_word' id='word_1_54' title='bbox 880 911 1010 994; x_wconf 84' lang='lat' dir='ltr'>ibidem,</span> <span class='ocrx_word' id='word_1_55' title='bbox 1036 911 1122 978; x_wconf 91' lang='lat' dir='ltr'>sicut</span> <span class='ocrx_word' id='word_1_56' title='bbox 1145 911 1341 994; x_wconf 89' lang='lat' dir='ltr'>accepimns,</span> <span class='ocrx_word' id='word_1_57' title='bbox 1365 911 1537 978; x_wconf 90' lang='lat' dir='ltr'>ecclesiam</span> <span class='ocrx_word' id='word_1_58' title='bbox 1560 918 1595 978; x_wconf 85' lang='lat' dir='ltr'>ct</span> <span class='ocrx_word' id='word_1_59' title='bbox 1618 911 1684 978; x_wconf 89' lang='lat' dir='ltr'>alia</span> <span class='ocrx_word' id='word_1_60' title='bbox 1702 910 1831 978; x_wconf 89' lang='lat' dir='ltr'>edificia</span> <span class='ocrx_word' id='word_1_61' title='bbox 1846 911 1915 978; x_wconf 89' lang='lat' dir='ltr'>suis</span> <span class='ocrx_word' id='word_1_62' title='bbox 1931 911 2048 977; x_wconf 88' lang='lat' dir='ltr'>usibus</span> 
     </span>
     <span class='ocr_line' id='line_1_7' title="bbox 389 1017 2049 1102; baseline -0.001 -16"><span class='ocrx_word' id='word_1_63' title='bbox 389 1023 552 1100; x_wconf 89' lang='lat' dir='ltr'>oportuna</span> <span class='ocrx_word' id='word_1_64' title='bbox 575 1025 766 1086; x_wconf 87' lang='lat' dir='ltr'>construere</span> <span class='ocrx_word' id='word_1_65' title='bbox 790 1019 938 1102; x_wconf 82' lang='lat' dir='ltr'>ceperint</span> <span class='ocrx_word' id='word_1_66' title='bbox 961 1025 995 1084; x_wconf 88' lang='lat' dir='ltr'>et</span> <span class='ocrx_word' id='word_1_67' title='bbox 1019 1021 1061 1085; x_wconf 90' lang='lat' dir='ltr'>ad</span> <span class='ocrx_word' id='word_1_68' title='bbox 1084 1017 1230 1100; x_wconf 88' lang='lat' dir='ltr'>ipsorum</span> <span class='ocrx_word' id='word_1_69' title='bbox 1253 1017 1533 1085; x_wconf 75' lang='lat' dir='ltr'>consumationem</span> <span class='ocrx_word' id='word_1_70' title='bbox 1562 1037 1684 1100; x_wconf 88' lang='lat' dir='ltr'>sueque</span> <span class='ocrx_word' id='word_1_71' title='bbox 1714 1025 1788 1084; x_wconf 84' lang='lat' dir='ltr'>arte</span> <span class='ocrx_word' id='word_1_72' title='bbox 1816 1019 1885 1084; x_wconf 86' lang='lat' dir='ltr'>vite</span> <span class='ocrx_word' id='word_1_73' title='bbox 1915 1027 2049 1084; x_wconf 82' lang='lat' dir='ltr'>susten-</span> 
     </span>
     <span class='ocr_line' id='line_1_8' title="bbox 389 1121 2048 1209; baseline 0.001 -19"><span class='ocrx_word' id='word_1_74' title='bbox 389 1124 546 1192; x_wconf 80' lang='lat' dir='ltr'>tationem</span> <span class='ocrx_word' id='word_1_75' title='bbox 569 1124 711 1192; x_wconf 89' lang='lat' dir='ltr'>fidelium</span> <span class='ocrx_word' id='word_1_76' title='bbox 734 1124 905 1209; x_wconf 83' lang='lat' dir='ltr'>indigeant</span> <span class='ocrx_word' id='word_1_77' title='bbox 927 1125 1035 1192; x_wconf 89' lang='lat' dir='ltr'>iuvari</span> <span class='ocrx_word' id='word_1_78' title='bbox 1065 1124 1229 1204; x_wconf 91' lang='lat' dir='ltr'>subsidiis,</span> <span class='ocrx_word' id='word_1_79' title='bbox 1261 1143 1333 1190; x_wconf 92' lang='lat' dir='ltr'>cum</span> <span class='ocrx_word' id='word_1_80' title='bbox 1362 1121 1475 1190; x_wconf 90' lang='lat' dir='ltr'>ierant</span> <span class='ocrx_word' id='word_1_81' title='bbox 1504 1131 1641 1207; x_wconf 88' lang='lat' dir='ltr'>propter</span> <span class='ocrx_word' id='word_1_82' title='bbox 1663 1125 1827 1192; x_wconf 77' lang='lat' dir='ltr'>Christum</span> <span class='ocrx_word' id='word_1_83' title='bbox 1857 1125 2048 1192; x_wconf 87' lang='lat' dir='ltr'>voluntarie</span> 
     </span>
     <span class='ocr_line' id='line_1_9' title="bbox 389 1231 2047 1315; baseline 0.001 -17"><span class='ocrx_word' id='word_1_84' title='bbox 389 1231 553 1298; x_wconf 89' lang='lat' dir='ltr'>sarcinam</span> <span class='ocrx_word' id='word_1_85' title='bbox 577 1231 795 1315; x_wconf 89' lang='lat' dir='ltr'>paupertatis,</span> <span class='ocrx_word' id='word_1_86' title='bbox 820 1231 1069 1299; x_wconf 84' lang='lat' dir='ltr'>universitatem</span> <span class='ocrx_word' id='word_1_87' title='bbox 1086 1239 1233 1298; x_wconf 89' lang='lat' dir='ltr'>vestram</span> <span class='ocrx_word' id='word_1_88' title='bbox 1248 1251 1412 1314; x_wconf 88' lang='lat' dir='ltr'>rogamus,</span> <span class='ocrx_word' id='word_1_89' title='bbox 1436 1249 1603 1299; x_wconf 88' lang='lat' dir='ltr'>monemus</span> <span class='ocrx_word' id='word_1_90' title='bbox 1619 1238 1654 1298; x_wconf 90' lang='lat' dir='ltr'>et</span> <span class='ocrx_word' id='word_1_91' title='bbox 1668 1232 1839 1298; x_wconf 89' lang='lat' dir='ltr'>hortamur</span> <span class='ocrx_word' id='word_1_92' title='bbox 1852 1231 1888 1298; x_wconf 90' lang='lat' dir='ltr'>in</span> <span class='ocrx_word' id='word_1_93' title='bbox 1902 1231 2047 1310; x_wconf 85' lang='lat' dir='ltr'>domino,</span> 
     </span>
     <span class='ocr_line' id='line_1_10' title="bbox 388 1337 2049 1422; baseline 0 -18"><span class='ocrx_word' id='word_1_94' title='bbox 388 1337 423 1404; x_wconf 91' lang='lat' dir='ltr'>in</span> <span class='ocrx_word' id='word_1_95' title='bbox 445 1337 668 1404; x_wconf 86' lang='lat' dir='ltr'>remissionem</span> <span class='ocrx_word' id='word_1_96' title='bbox 691 1338 784 1406; x_wconf 90' lang='lat' dir='ltr'>vobis</span> <span class='ocrx_word' id='word_1_97' title='bbox 809 1337 1030 1421; x_wconf 83' lang='lat' dir='ltr'>peccaminum</span> <span class='ocrx_word' id='word_1_98' title='bbox 1053 1338 1273 1422; x_wconf 88' lang='lat' dir='ltr'>iniungentes,</span> <span class='ocrx_word' id='word_1_99' title='bbox 1304 1337 1461 1420; x_wconf 84' lang='lat' dir='ltr'>quatinus</span> <span class='ocrx_word' id='word_1_100' title='bbox 1484 1341 1524 1405; x_wconf 92' lang='lat' dir='ltr'>de</span> <span class='ocrx_word' id='word_1_101' title='bbox 1546 1338 1642 1404; x_wconf 91' lang='lat' dir='ltr'>bonis</span> <span class='ocrx_word' id='word_1_102' title='bbox 1664 1338 1759 1405; x_wconf 89' lang='lat' dir='ltr'>vobis</span> <span class='ocrx_word' id='word_1_103' title='bbox 1781 1359 1804 1404; x_wconf 90' lang='lat' dir='ltr'>a</span> <span class='ocrx_word' id='word_1_104' title='bbox 1825 1341 1886 1405; x_wconf 89' lang='lat' dir='ltr'>deo</span> <span class='ocrx_word' id='word_1_105' title='bbox 1915 1339 2049 1405; x_wconf 87' lang='lat' dir='ltr'>collatis</span> 
     </span>
     <span class='ocr_line' id='line_1_11' title="bbox 389 1444 2049 1529; baseline 0.001 -19"><span class='ocrx_word' id='word_1_106' title='bbox 389 1444 462 1526; x_wconf 89' lang='lat' dir='ltr'>pias</span> <span class='ocrx_word' id='word_1_107' title='bbox 485 1444 678 1511; x_wconf 88' lang='lat' dir='ltr'>elemosinas</span> <span class='ocrx_word' id='word_1_108' title='bbox 701 1452 736 1511; x_wconf 91' lang='lat' dir='ltr'>et</span> <span class='ocrx_word' id='word_1_109' title='bbox 758 1451 857 1529; x_wconf 84' lang='lat' dir='ltr'>grata</span> <span class='ocrx_word' id='word_1_110' title='bbox 880 1444 928 1510; x_wconf 87' lang='lat' dir='ltr'>eis</span> <span class='ocrx_word' id='word_1_111' title='bbox 951 1444 1105 1512; x_wconf 89' lang='lat' dir='ltr'>caritatis</span> <span class='ocrx_word' id='word_1_112' title='bbox 1128 1445 1275 1512; x_wconf 88' lang='lat' dir='ltr'>subsidia</span> <span class='ocrx_word' id='word_1_113' title='bbox 1298 1445 1451 1529; x_wconf 84' lang='lat' dir='ltr'>erogetis,</span> <span class='ocrx_word' id='word_1_114' title='bbox 1483 1452 1522 1510; x_wconf 89' lang='lat' dir='ltr'>ut</span> <span class='ocrx_word' id='word_1_115' title='bbox 1544 1464 1604 1528; x_wconf 91' lang='lat' dir='ltr'>per</span> <span class='ocrx_word' id='word_1_116' title='bbox 1627 1444 1874 1512; x_wconf 85' lang='lat' dir='ltr'>subventionem</span> <span class='ocrx_word' id='word_1_117' title='bbox 1897 1453 2049 1512; x_wconf 86' lang='lat' dir='ltr'>vestram</span> 
     </span>
     <span class='ocr_line' id='line_1_12' title="bbox 389 1550 2049 1635; baseline 0.001 -19"><span class='ocrx_word' id='word_1_118' title='bbox 389 1551 539 1635; x_wconf 88' lang='lat' dir='ltr'>predicta</span> <span class='ocrx_word' id='word_1_119' title='bbox 562 1551 690 1618; x_wconf 88' lang='lat' dir='ltr'>edificia</span> <span class='ocrx_word' id='word_1_120' title='bbox 712 1550 898 1619; x_wconf 89' lang='lat' dir='ltr'>consumari</span> <span class='ocrx_word' id='word_1_121' title='bbox 921 1551 1056 1618; x_wconf 89' lang='lat' dir='ltr'>valeant</span> <span class='ocrx_word' id='word_1_122' title='bbox 1079 1558 1114 1618; x_wconf 91' lang='lat' dir='ltr'>et</span> <span class='ocrx_word' id='word_1_123' title='bbox 1136 1552 1221 1618; x_wconf 89' lang='lat' dir='ltr'>alias</span> <span class='ocrx_word' id='word_1_124' title='bbox 1244 1571 1356 1619; x_wconf 88' lang='lat' dir='ltr'>eorum</span> <span class='ocrx_word' id='word_1_125' title='bbox 1377 1551 1558 1635; x_wconf 77' lang='lat' dir='ltr'>indigentie</span> <span class='ocrx_word' id='word_1_126' title='bbox 1581 1550 1757 1634; x_wconf 82' lang='lat' dir='ltr'>provideri,</span> <span class='ocrx_word' id='word_1_127' title='bbox 1782 1571 1894 1618; x_wconf 88' lang='lat' dir='ltr'>acvos</span> <span class='ocrx_word' id='word_1_128' title='bbox 1910 1571 1971 1634; x_wconf 90' lang='lat' dir='ltr'>per</span> <span class='ocrx_word' id='word_1_129' title='bbox 1986 1553 2049 1618; x_wconf 90' lang='lat' dir='ltr'>bec</span> 
     </span>
     <span class='ocr_line' id='line_1_13' title="bbox 389 1657 2049 1743; baseline 0.001 -19"><span class='ocrx_word' id='word_1_130' title='bbox 389 1665 424 1724; x_wconf 91' lang='lat' dir='ltr'>et</span> <span class='ocrx_word' id='word_1_131' title='bbox 447 1657 513 1723; x_wconf 90' lang='lat' dir='ltr'>alia</span> <span class='ocrx_word' id='word_1_132' title='bbox 535 1660 631 1739; x_wconf 91' lang='lat' dir='ltr'>bona,</span> <span class='ocrx_word' id='word_1_133' title='bbox 657 1679 718 1740; x_wconf 89' lang='lat' dir='ltr'>que</span> <span class='ocrx_word' id='word_1_134' title='bbox 743 1658 870 1724; x_wconf 92' lang='lat' dir='ltr'>domino</span> <span class='ocrx_word' id='word_1_135' title='bbox 893 1657 1077 1740; x_wconf 84' lang='lat' dir='ltr'>inspirante</span> <span class='ocrx_word' id='word_1_136' title='bbox 1101 1657 1259 1740; x_wconf 76' lang='lat' dir='ltr'>feceritis,</span> <span class='ocrx_word' id='word_1_137' title='bbox 1284 1660 1326 1725; x_wconf 89' lang='lat' dir='ltr'>ad</span> <span class='ocrx_word' id='word_1_138' title='bbox 1350 1666 1464 1726; x_wconf 88' lang='lat' dir='ltr'>eterne</span> <span class='ocrx_word' id='word_1_139' title='bbox 1487 1658 1623 1742; x_wconf 89' lang='lat' dir='ltr'>possitis</span> <span class='ocrx_word' id='word_1_140' title='bbox 1645 1657 1817 1725; x_wconf 75' lang='lat' dir='ltr'>felicitatis</span> <span class='ocrx_word' id='word_1_141' title='bbox 1832 1659 1955 1743; x_wconf 72' lang='lat' dir='ltr'>gaufia</span> <span class='ocrx_word' id='word_1_142' title='bbox 1971 1679 2049 1741; x_wconf 89' lang='lat' dir='ltr'>per·</span> 
     </span>
     <span class='ocr_line' id='line_1_14' title="bbox 389 1764 2049 1849; baseline 0.001 -18"><span class='ocrx_word' id='word_1_143' title='bbox 389 1764 511 1831; x_wconf 88' lang='lat' dir='ltr'>venire.</span> <span class='ocrx_word' id='word_1_144' title='bbox 546 1766 614 1831; x_wconf 91' lang='lat' dir='ltr'>Nos</span> <span class='ocrx_word' id='word_1_145' title='bbox 638 1765 721 1831; x_wconf 90' lang='lat' dir='ltr'>enim</span> <span class='ocrx_word' id='word_1_146' title='bbox 746 1768 785 1831; x_wconf 90' lang='lat' dir='ltr'>de</span> <span class='ocrx_word' id='word_1_147' title='bbox 809 1764 1041 1848; x_wconf 89' lang='lat' dir='ltr'>omnipotentis</span> <span class='ocrx_word' id='word_1_148' title='bbox 1065 1765 1118 1831; x_wconf 91' lang='lat' dir='ltr'>dei</span> <span class='ocrx_word' id='word_1_149' title='bbox 1140 1765 1366 1833; x_wconf 89' lang='lat' dir='ltr'>misericordia</span> <span class='ocrx_word' id='word_1_150' title='bbox 1388 1773 1421 1832; x_wconf 88' lang='lat' dir='ltr'>et</span> <span class='ocrx_word' id='word_1_151' title='bbox 1445 1767 1616 1832; x_wconf 89' lang='lat' dir='ltr'>beatorum</span> <span class='ocrx_word' id='word_1_152' title='bbox 1632 1765 1723 1832; x_wconf 86' lang='lat' dir='ltr'>Petri</span> <span class='ocrx_word' id='word_1_153' title='bbox 1745 1772 1780 1832; x_wconf 91' lang='lat' dir='ltr'>et</span> <span class='ocrx_word' id='word_1_154' title='bbox 1794 1765 1890 1832; x_wconf 90' lang='lat' dir='ltr'>Pauli</span> <span class='ocrx_word' id='word_1_155' title='bbox 1912 1774 2049 1849; x_wconf 82' lang='lat' dir='ltr'>aposto</span> 
     </span>
     <span class='ocr_line' id='line_1_15' title="bbox 389 1870 2049 1955; baseline 0.001 -18"><span class='ocrx_word' id='word_1_156' title='bbox 389 1871 493 1938; x_wconf 91' lang='lat' dir='ltr'>lorum</span> <span class='ocrx_word' id='word_1_157' title='bbox 516 1871 586 1938; x_wconf 90' lang='lat' dir='ltr'>eius</span> <span class='ocrx_word' id='word_1_158' title='bbox 610 1871 810 1938; x_wconf 89' lang='lat' dir='ltr'>auctoritate</span> <span class='ocrx_word' id='word_1_159' title='bbox 835 1871 958 1952; x_wconf 91' lang='lat' dir='ltr'>confisi,</span> <span class='ocrx_word' id='word_1_160' title='bbox 984 1871 1132 1938; x_wconf 91' lang='lat' dir='ltr'>omnibus</span> <span class='ocrx_word' id='word_1_161' title='bbox 1155 1891 1234 1938; x_wconf 89' lang='lat' dir='ltr'>vere</span> <span class='ocrx_word' id='word_1_162' title='bbox 1257 1871 1481 1954; x_wconf 89' lang='lat' dir='ltr'>penitentibus</span> <span class='ocrx_word' id='word_1_163' title='bbox 1503 1879 1538 1938; x_wconf 88' lang='lat' dir='ltr'>et</span> <span class='ocrx_word' id='word_1_164' title='bbox 1561 1870 1731 1954; x_wconf 85' lang='lat' dir='ltr'>conlessis,</span> <span class='ocrx_word' id='word_1_165' title='bbox 1760 1873 1817 1954; x_wconf 86' lang='lat' dir='ltr'>qui</span> <span class='ocrx_word' id='word_1_166' title='bbox 1839 1873 1960 1940; x_wconf 91' lang='lat' dir='ltr'>eisdem</span> <span class='ocrx_word' id='word_1_167' title='bbox 1987 1893 2049 1955; x_wconf 89' lang='lat' dir='ltr'>pro</span> 
     </span>
     <span class='ocr_line' id='line_1_16' title="bbox 390 1977 2048 2062; baseline 0.001 -18"><span class='ocrx_word' id='word_1_168' title='bbox 390 1978 470 2044; x_wconf 85' lang='lat' dir='ltr'>dicti</span> <span class='ocrx_word' id='word_1_169' title='bbox 493 1978 737 2046; x_wconf 90' lang='lat' dir='ltr'>consumatione</span> <span class='ocrx_word' id='word_1_170' title='bbox 761 1977 869 2062; x_wconf 90' lang='lat' dir='ltr'>operis</span> <span class='ocrx_word' id='word_1_171' title='bbox 892 1979 946 2045; x_wconf 90' lang='lat' dir='ltr'>vel</span> <span class='ocrx_word' id='word_1_172' title='bbox 966 1999 1024 2060; x_wconf 93' lang='lat' dir='ltr'>pro</span> <span class='ocrx_word' id='word_1_173' title='bbox 1051 1978 1195 2060; x_wconf 87' lang='lat' dir='ltr'>ipsorum</span> <span class='ocrx_word' id='word_1_174' title='bbox 1213 1979 1467 2046; x_wconf 88' lang='lat' dir='ltr'>necessitatibus</span> <span class='ocrx_word' id='word_1_175' title='bbox 1483 1978 1668 2046; x_wconf 88' lang='lat' dir='ltr'>relevandis</span> <span class='ocrx_word' id='word_1_176' title='bbox 1691 1999 1820 2046; x_wconf 88' lang='lat' dir='ltr'>manum</span> <span class='ocrx_word' id='word_1_177' title='bbox 1837 1980 2048 2062; x_wconf 84' lang='lat' dir='ltr'>porrexerint</span> 
     </span>
     <span class='ocr_line' id='line_1_17' title="bbox 390 2083 2049 2170; baseline 0.001 -19"><span class='ocrx_word' id='word_1_178' title='bbox 390 2084 591 2168; x_wconf 88' lang='lat' dir='ltr'>adiutricem,</span> <span class='ocrx_word' id='word_1_179' title='bbox 609 2086 831 2170; x_wconf 85' lang='lat' dir='ltr'>quadraginta</span> <span class='ocrx_word' id='word_1_180' title='bbox 847 2085 917 2152; x_wconf 88' lang='lat' dir='ltr'>dies</span> <span class='ocrx_word' id='word_1_181' title='bbox 933 2087 973 2150; x_wconf 90' lang='lat' dir='ltr'>de</span> <span class='ocrx_word' id='word_1_182' title='bbox 989 2083 1138 2152; x_wconf 89' lang='lat' dir='ltr'>iniuncta</span> <span class='ocrx_word' id='word_1_183' title='bbox 1153 2085 1216 2151; x_wconf 90' lang='lat' dir='ltr'>sibi</span> <span class='ocrx_word' id='word_1_184' title='bbox 1228 2085 1411 2167; x_wconf 84' lang='lat' dir='ltr'>penitentia</span> <span class='ocrx_word' id='word_1_185' title='bbox 1423 2085 1677 2152; x_wconf 88' lang='lat' dir='ltr'>misericorditer</span> <span class='ocrx_word' id='word_1_186' title='bbox 1689 2086 1885 2152; x_wconf 81' lang='lat' dir='ltr'>relaxamus.</span> <span class='ocrx_word' id='word_1_187' title='bbox 1921 2087 2049 2152; x_wconf 88' lang='lat' dir='ltr'>Datum</span> 
     </span>
     <span class='ocr_line' id='line_1_18' title="bbox 389 2191 1532 2276; baseline 0 -18"><span class='ocrx_word' id='word_1_188' title='bbox 389 2193 552 2276; x_wconf 86' lang='lat' dir='ltr'>Lugduni,</span> <span class='ocrx_word' id='word_1_189' title='bbox 577 2194 634 2260; x_wconf 87' lang='lat' dir='ltr'>VI.</span> <span class='ocrx_word' id='word_1_190' title='bbox 659 2194 820 2260; x_wconf 87' lang='lat' dir='ltr'>kalendas</span> <span class='ocrx_word' id='word_1_191' title='bbox 842 2191 921 2274; x_wconf 90' lang='lat' dir='ltr'>iulii,</span> <span class='ocrx_word' id='word_1_192' title='bbox 947 2192 1160 2275; x_wconf 89' lang='lat' dir='ltr'>pontificatus</span> <span class='ocrx_word' id='word_1_193' title='bbox 1183 2193 1288 2258; x_wconf 89' lang='lat' dir='ltr'>nostri</span> <span class='ocrx_word' id='word_1_194' title='bbox 1312 2213 1398 2260; x_wconf 90' lang='lat' dir='ltr'>anno</span> <span class='ocrx_word' id='word_1_195' title='bbox 1422 2192 1532 2259; x_wconf 89' lang='lat' dir='ltr'>tertio.</span> 
     </span>
    </p>
   </div>
   <div class='ocr_carea' id='block_1_3' title="bbox 603 2333 1997 2582">
    <p class='ocr_par' dir='ltr' id='par_1_3' title="bbox 603 2333 1997 2582">
     <span class='ocr_line' id='line_1_19' title="bbox 605 2333 1973 2405; baseline -0.001 -15"><span class='ocrx_word' id='word_1_196' title='bbox 605 2336 650 2390; x_wconf 89' lang='lat' dir='ltr'>Or.</span> <span class='ocrx_word' id='word_1_197' title='bbox 664 2336 753 2405; x_wconf 77' lang='lat' dir='ltr'>Pgrut.</span> <span class='ocrx_word' id='word_1_198' title='bbox 772 2336 821 2389; x_wconf 79' lang='lat' dir='ltr'>mil</span> <span class='ocrx_word' id='word_1_199' title='bbox 839 2335 920 2390; x_wconf 74' lang='lat' dir='ltr'>Balla</span> <span class='ocrx_word' id='word_1_200' title='bbox 937 2353 975 2389; x_wconf 84' lang='lat' dir='ltr'>ou</span> <span class='ocrx_word' id='word_1_201' title='bbox 994 2333 1148 2405; x_wconf 77' lang='lat' dir='ltr'>rotlspclbea</span> <span class='ocrx_word' id='word_1_202' title='bbox 1166 2334 1356 2401; x_wconf 76' lang='lat' dir='ltr'>Seideuffideu.</span> <span class='ocrx_word' id='word_1_203' title='bbox 1395 2335 1434 2390; x_wconf 77' lang='lat' dir='ltr'>st.</span> <span class='ocrx_word' id='word_1_204' title='bbox 1449 2334 1482 2390; x_wconf 81' lang='lat' dir='ltr'>A.</span> <span class='ocrx_word' id='word_1_205' title='bbox 1499 2333 1548 2388; x_wconf 85' lang='lat' dir='ltr'>Fr.</span> <span class='ocrx_word' id='word_1_206' title='bbox 1569 2333 1770 2388; x_wconf 77' lang='lat' dir='ltr'>Domiaikuacr</span> <span class='ocrx_word' id='word_1_207' title='bbox 1794 2333 1859 2389; x_wconf 80' lang='lat' dir='ltr'>Urlr.</span> <span class='ocrx_word' id='word_1_208' title='bbox 1880 2334 1933 2390; x_wconf 86' lang='lat' dir='ltr'>Nc.</span> <span class='ocrx_word' id='word_1_209' title='bbox 1946 2339 1973 2390; x_wconf 88' lang='lat'>3.</span> 
     </span>
     <span class='ocr_line' id='line_1_20' title="bbox 603 2423 1060 2490; baseline -0.004 -11"><span class='ocrx_word' id='word_1_210' title='bbox 603 2425 685 2480; x_wconf 72' lang='grc' dir='ltr'><em>θοᾶν.</em></span> <span class='ocrx_word' id='word_1_211' title='bbox 704 2425 774 2479; x_wconf 83' lang='lat' dir='ltr'>noch</span> <span class='ocrx_word' id='word_1_212' title='bbox 792 2425 851 2478; x_wconf 82' lang='lat' dir='ltr'>dem</span> <span class='ocrx_word' id='word_1_213' title='bbox 873 2423 936 2479; x_wconf 89' lang='lat' dir='ltr'>Or.:</span> <span class='ocrx_word' id='word_1_214' title='bbox 954 2424 998 2490; x_wconf 81' lang='lat' dir='ltr'>B,</span> <span class='ocrx_word' id='word_1_215' title='bbox 1019 2425 1060 2478; x_wconf 80' lang='lat'>77.</span> 
     </span>
     <span class='ocr_line' id='line_1_21' title="bbox 608 2510 1997 2582; baseline -0.001 -15"><span class='ocrx_word' id='word_1_216' title='bbox 608 2512 700 2567; x_wconf 73' lang='lat' dir='ltr'>Vera:</span> <span class='ocrx_word' id='word_1_217' title='bbox 718 2513 852 2582; x_wconf 76' lang='lat' dir='ltr'>Pottlrosl,</span> <span class='ocrx_word' id='word_1_218' title='bbox 872 2512 924 2567; x_wconf 85' lang='lat' dir='ltr'>No.</span> <span class='ocrx_word' id='word_1_219' title='bbox 940 2516 1034 2567; x_wconf 71' lang='lat'><em>12184.</em></span> <span class='ocrx_word' id='word_1_220' title='bbox 1064 2512 1101 2566; x_wconf 85' lang='lat' dir='ltr'>In</span> <span class='ocrx_word' id='word_1_221' title='bbox 1119 2512 1234 2582; x_wconf 61' lang='lat' dir='ltr'>«laquis,</span> <span class='ocrx_word' id='word_1_222' title='bbox 1255 2511 1318 2566; x_wconf 82' lang='lat' dir='ltr'>God.</span> <span class='ocrx_word' id='word_1_223' title='bbox 1332 2512 1445 2566; x_wconf 81' lang='lat' dir='ltr'>Probat</span> <span class='ocrx_word' id='word_1_224' title='bbox 1465 2511 1519 2578; x_wconf 81' lang='lat' dir='ltr'>(St</span> <span class='ocrx_word' id='word_1_225' title='bbox 1534 2511 1567 2567; x_wconf 78' lang='lat' dir='ltr'>A.</span> <span class='ocrx_word' id='word_1_226' title='bbox 1584 2511 1648 2576; x_wconf 79' lang='lat' dir='ltr'>Fr.)</span> <span class='ocrx_word' id='word_1_227' title='bbox 1667 2510 1809 2577; x_wconf 73' lang='lat' dir='ltr'>Abccbrs‘ti</span> <span class='ocrx_word' id='word_1_228' title='bbox 1826 2528 1864 2566; x_wconf 73' lang='lat' dir='ltr'>aa</span> <span class='ocrx_word' id='word_1_229' title='bbox 1882 2515 1972 2566; x_wconf 71' lang='lat'><em>1245!</em></span> <span class='ocrx_word' id='word_1_230' title='bbox 1990 2555 1997 2566; x_wconf 95' lang='lat'><strong>.</strong></span> 
     </span>
    </p>
   </div>
   <div class='ocr_carea' id='block_1_4' title="bbox 390 2827 2047 2918">
    <p class='ocr_par' dir='ltr' id='par_1_4' title="bbox 390 2827 2047 2918">
     <span class='ocr_line' id='line_1_22' title="bbox 390 2827 2047 2918; baseline -0.002 -16"><span class='ocrx_word' id='word_1_231' title='bbox 390 2827 482 2902; x_wconf 83' lang='lat'>144.</span> <span class='ocrx_word' id='word_1_232' title='bbox 505 2833 574 2899; x_wconf 78' lang='lat' dir='ltr'>Der·</span> <span class='ocrx_word' id='word_1_233' title='bbox 610 2836 811 2918; x_wconf 68' lang='lat' dir='ltr'>Gepmlduip</span> <span class='ocrx_word' id='word_1_234' title='bbox 851 2834 1001 2900; x_wconf 73' lang='lat' dir='ltr'>Heinrich</span> <span class='ocrx_word' id='word_1_235' title='bbox 1038 2835 1146 2916; x_wconf 70' lang='lat' dir='ltr'>Rouspe</span> <span class='ocrx_word' id='word_1_236' title='bbox 1185 2835 1292 2898; x_wconf 71' lang='lat' dir='ltr'>»adde</span> <span class='ocrx_word' id='word_1_237' title='bbox 1325 2835 1386 2898; x_wconf 76' lang='lat' dir='ltr'>riou</span> <span class='ocrx_word' id='word_1_238' title='bbox 1422 2835 1629 2898; x_wconf 74' lang='lat' dir='ltr'>Mciildudera</span> <span class='ocrx_word' id='word_1_239' title='bbox 1665 2836 1755 2898; x_wconf 73' lang='lat' dir='ltr'>eiicere</span> <span class='ocrx_word' id='word_1_240' title='bbox 1794 2855 1852 2898; x_wconf 78' lang='lat' dir='ltr'>ron</span> <span class='ocrx_word' id='word_1_241' title='bbox 1890 2835 1952 2898; x_wconf 74' lang='lat' dir='ltr'>ihru</span> <span class='ocrx_word' id='word_1_242' title='bbox 1993 2858 2047 2898; x_wconf 83' lang='lat' dir='ltr'>nm</span> 
     </span>
    </p>
   </div>
   <div class='ocr_carea' id='block_1_5' title="bbox 505 2939 2047 3132">
    <p class='ocr_par' dir='ltr' id='par_1_5' title="bbox 505 2939 2047 3132">
     <span class='ocr_line' id='line_1_23' title="bbox 505 2939 2047 3025; baseline -0.001 -19"><span class='ocrx_word' id='word_1_243' title='bbox 505 2947 536 3006; x_wconf 83' lang='lat'>5.</span> <span class='ocrx_word' id='word_1_244' title='bbox 554 2941 683 3025; x_wconf 78' lang='lat' dir='ltr'>Arepusi</span> <span class='ocrx_word' id='word_1_245' title='bbox 707 2947 794 3007; x_wconf 71' lang='lat'><em>1246</em></span> <span class='ocrx_word' id='word_1_246' title='bbox 825 2946 867 3006; x_wconf 79' lang='lat' dir='ltr'>inu</span> <span class='ocrx_word' id='word_1_247' title='bbox 891 2941 986 3008; x_wconf 72' lang='lat' dir='ltr'>Ferae</span> <span class='ocrx_word' id='word_1_248' title='bbox 1015 2963 1068 3006; x_wconf 83' lang='lat' dir='ltr'>ror</span> <span class='ocrx_word' id='word_1_249' title='bbox 1095 2940 1278 3022; x_wconf 73' lang='lat' dir='ltr'>Frondsuri</span> <span class='ocrx_word' id='word_1_250' title='bbox 1307 2943 1383 3006; x_wconf 72' lang='lat' dir='ltr'>uber</span> <span class='ocrx_word' id='word_1_251' title='bbox 1411 2942 1472 3006; x_wconf 75' lang='lat' dir='ltr'>derv</span> <span class='ocrx_word' id='word_1_252' title='bbox 1500 2941 1670 3006; x_wconf 70' lang='lat' dir='ltr'>crerdlrltm</span> <span class='ocrx_word' id='word_1_253' title='bbox 1691 2939 1803 3024; x_wconf 78' lang='lat' dir='ltr'>Kduip</span> <span class='ocrx_word' id='word_1_254' title='bbox 1826 2940 1965 3006; x_wconf 80' lang='lat' dir='ltr'>Kourud</span> <span class='ocrx_word' id='word_1_255' title='bbox 1980 2941 2047 3006; x_wconf 88' lang='lat' dir='ltr'>IV.</span> 
     </span>
     <span class='ocr_line' id='line_1_24' title="bbox 505 3049 901 3132; baseline -0.003 -18"><span class='ocrx_word' id='word_1_256' title='bbox 505 3049 796 3132; x_wconf 71' lang='lat' dir='ltr'>doooapdropcueu</span> <span class='ocrx_word' id='word_1_257' title='bbox 819 3051 901 3132; x_wconf 64' lang='lat' dir='ltr'>Sug.</span> 
     </span>
    </p>
   </div>
   <div class='ocr_carea' id='block_1_6' title="bbox 390 3187 2047 5405">
    <p class='ocr_par' dir='ltr' id='par_1_6' title="bbox 390 3187 2047 5405">
     <span class='ocr_line' id='line_1_25' title="bbox 496 3187 2045 3273; baseline 0 -17"><span class='ocrx_word' id='word_1_258' title='bbox 496 3189 659 3256; x_wconf 90' lang='lat' dir='ltr'>Henricus</span> <span class='ocrx_word' id='word_1_259' title='bbox 683 3189 736 3256; x_wconf 89' lang='lat' dir='ltr'>dei</span> <span class='ocrx_word' id='word_1_260' title='bbox 751 3188 863 3273; x_wconf 86' lang='lat' dir='ltr'>gratia</span> <span class='ocrx_word' id='word_1_261' title='bbox 879 3189 1100 3256; x_wconf 87' lang='lat' dir='ltr'>Romanorum</span> <span class='ocrx_word' id='word_1_262' title='bbox 1116 3210 1176 3256; x_wconf 82' lang='lat' dir='ltr'>rex</span> <span class='ocrx_word' id='word_1_263' title='bbox 1190 3209 1318 3273; x_wconf 89' lang='lat' dir='ltr'>semper</span> <span class='ocrx_word' id='word_1_264' title='bbox 1334 3195 1504 3273; x_wconf 87' lang='lat' dir='ltr'>augustus,</span> <span class='ocrx_word' id='word_1_265' title='bbox 1521 3187 1666 3255; x_wconf 85' lang='lat' dir='ltr'>Henrico</span> <span class='ocrx_word' id='word_1_266' title='bbox 1682 3191 1855 3270; x_wconf 87' lang='lat' dir='ltr'>advocato,</span> <span class='ocrx_word' id='word_1_267' title='bbox 1873 3189 2045 3272; x_wconf 83' lang='lat' dir='ltr'>potestati,</span> 
     </span>
     <span class='ocr_line' id='line_1_26' title="bbox 391 3295 2047 3382; baseline 0.001 -20"><span class='ocrx_word' id='word_1_268' title='bbox 391 3295 526 3382; x_wconf 89' lang='lat' dir='ltr'>concilio</span> <span class='ocrx_word' id='word_1_269' title='bbox 551 3303 585 3362; x_wconf 91' lang='lat' dir='ltr'>et</span> <span class='ocrx_word' id='word_1_270' title='bbox 608 3295 768 3363; x_wconf 92' lang='lat' dir='ltr'>communi</span> <span class='ocrx_word' id='word_1_271' title='bbox 790 3295 1035 3378; x_wconf 89' lang='lat' dir='ltr'>Mediolanensi,</span> <span class='ocrx_word' id='word_1_272' title='bbox 1060 3295 1211 3363; x_wconf 88' lang='lat' dir='ltr'>fidelibus</span> <span class='ocrx_word' id='word_1_273' title='bbox 1234 3295 1312 3376; x_wconf 89' lang='lat' dir='ltr'>suis,</span> <span class='ocrx_word' id='word_1_274' title='bbox 1337 3295 1479 3379; x_wconf 84' lang='lat' dir='ltr'>gratiam</span> <span class='ocrx_word' id='word_1_275' title='bbox 1504 3313 1596 3362; x_wconf 90' lang='lat' dir='ltr'>suam</span> <span class='ocrx_word' id='word_1_276' title='bbox 1620 3301 1653 3360; x_wconf 90' lang='lat' dir='ltr'>et</span> <span class='ocrx_word' id='word_1_277' title='bbox 1677 3315 1770 3361; x_wconf 91' lang='lat' dir='ltr'>omne</span> <span class='ocrx_word' id='word_1_278' title='bbox 1792 3296 1922 3362; x_wconf 90' lang='lat' dir='ltr'>bonnm.</span> <span class='ocrx_word' id='word_1_279' title='bbox 1965 3299 2047 3364; x_wconf 71' lang='lat' dir='ltr'>Cum</span> 
     </span>
     <span class='ocr_line' id='line_1_27' title="bbox 390 3400 2046 3484; baseline 0 -14"><span class='ocrx_word' id='word_1_280' title='bbox 390 3411 501 3470; x_wconf 87' lang='lat' dir='ltr'>vestre</span> <span class='ocrx_word' id='word_1_281' title='bbox 523 3401 599 3470; x_wconf 90' lang='lat' dir='ltr'>fidei</span> <span class='ocrx_word' id='word_1_282' title='bbox 623 3401 798 3470; x_wconf 89' lang='lat' dir='ltr'>sinceritas</span> <span class='ocrx_word' id='word_1_283' title='bbox 828 3409 862 3470; x_wconf 90' lang='lat' dir='ltr'>et</span> <span class='ocrx_word' id='word_1_284' title='bbox 886 3400 984 3484; x_wconf 90' lang='lat' dir='ltr'>plena</span> <span class='ocrx_word' id='word_1_285' title='bbox 1007 3402 1142 3469; x_wconf 89' lang='lat' dir='ltr'>devocio</span> <span class='ocrx_word' id='word_1_286' title='bbox 1171 3402 1259 3469; x_wconf 90' lang='lat' dir='ltr'>inter</span> <span class='ocrx_word' id='word_1_287' title='bbox 1289 3409 1418 3469; x_wconf 90' lang='lat' dir='ltr'>ceteros</span> <span class='ocrx_word' id='word_1_288' title='bbox 1447 3401 1560 3467; x_wconf 87' lang='lat' dir='ltr'>fideles</span> <span class='ocrx_word' id='word_1_289' title='bbox 1589 3407 1721 3467; x_wconf 88' lang='lat' dir='ltr'>nostros</span> <span class='ocrx_word' id='word_1_290' title='bbox 1752 3400 1841 3467; x_wconf 90' lang='lat' dir='ltr'>circa</span> <span class='ocrx_word' id='word_1_291' title='bbox 1871 3421 2046 3484; x_wconf 87' lang='lat' dir='ltr'>personam</span> 
     </span>
     <span class='ocr_line' id='line_1_28' title="bbox 391 3507 2046 3593; baseline -0.001 -16"><span class='ocrx_word' id='word_1_292' title='bbox 391 3517 537 3577; x_wconf 89' lang='lat' dir='ltr'>nostram</span> <span class='ocrx_word' id='word_1_293' title='bbox 560 3516 595 3576; x_wconf 91' lang='lat' dir='ltr'>et</span> <span class='ocrx_word' id='word_1_294' title='bbox 619 3509 706 3576; x_wconf 88' lang='lat' dir='ltr'>sacri</span> <span class='ocrx_word' id='word_1_295' title='bbox 728 3508 856 3591; x_wconf 89' lang='lat' dir='ltr'>imperii</span> <span class='ocrx_word' id='word_1_296' title='bbox 879 3508 1005 3575; x_wconf 90' lang='lat' dir='ltr'>culmen</span> <span class='ocrx_word' id='word_1_297' title='bbox 1029 3516 1195 3592; x_wconf 88' lang='lat' dir='ltr'>tamqnam</span> <span class='ocrx_word' id='word_1_298' title='bbox 1211 3508 1405 3576; x_wconf 89' lang='lat' dir='ltr'>matutinale</span> <span class='ocrx_word' id='word_1_299' title='bbox 1421 3511 1521 3593; x_wconf 85' lang='lat' dir='ltr'>sydus</span> <span class='ocrx_word' id='word_1_300' title='bbox 1535 3507 1683 3589; x_wconf 83' lang='lat' dir='ltr'>irradiet,</span> <span class='ocrx_word' id='word_1_301' title='bbox 1706 3507 1919 3575; x_wconf 87' lang='lat' dir='ltr'>universitati</span> <span class='ocrx_word' id='word_1_302' title='bbox 1933 3517 2046 3576; x_wconf 79' lang='lat' dir='ltr'>vestre</span> 
     </span>
     <span class='ocr_line' id='line_1_29' title="bbox 391 3613 2045 3696; baseline -0.001 -12"><span class='ocrx_word' id='word_1_303' title='bbox 391 3637 506 3684; x_wconf 88' lang='lat' dir='ltr'>sereno</span> <span class='ocrx_word' id='word_1_304' title='bbox 537 3623 570 3683; x_wconf 91' lang='lat' dir='ltr'>et</span> <span class='ocrx_word' id='word_1_305' title='bbox 600 3615 698 3682; x_wconf 86' lang='lat' dir='ltr'>hilari</span> <span class='ocrx_word' id='word_1_306' title='bbox 721 3615 827 3682; x_wconf 92' lang='lat' dir='ltr'>animo</span> <span class='ocrx_word' id='word_1_307' title='bbox 851 3616 1016 3694; x_wconf 89' lang='lat' dir='ltr'>honorem,</span> <span class='ocrx_word' id='word_1_308' title='bbox 1048 3635 1142 3696; x_wconf 86' lang='lat' dir='ltr'>quem</span> <span class='ocrx_word' id='word_1_309' title='bbox 1173 3616 1268 3682; x_wconf 92' lang='lat' dir='ltr'>nobis</span> <span class='ocrx_word' id='word_1_310' title='bbox 1299 3621 1333 3682; x_wconf 88' lang='lat' dir='ltr'>et</span> <span class='ocrx_word' id='word_1_311' title='bbox 1361 3615 1510 3681; x_wconf 86' lang='lat' dir='ltr'>Romano</span> <span class='ocrx_word' id='word_1_312' title='bbox 1540 3613 1676 3696; x_wconf 90' lang='lat' dir='ltr'>imperio</span> <span class='ocrx_word' id='word_1_313' title='bbox 1706 3613 1824 3680; x_wconf 87' lang='lat' dir='ltr'>tribuit</span> <span class='ocrx_word' id='word_1_314' title='bbox 1853 3614 2045 3692; x_wconf 80' lang='lat' dir='ltr'>altissimus,</span> 
     </span>
     <span class='ocr_line' id='line_1_30' title="bbox 391 3720 2046 3804; baseline -0.001 -15"><span class='ocrx_word' id='word_1_315' title='bbox 391 3721 562 3790; x_wconf 87' lang='lat' dir='ltr'>scribimus</span> <span class='ocrx_word' id='word_1_316' title='bbox 586 3729 620 3788; x_wconf 91' lang='lat' dir='ltr'>et</span> <span class='ocrx_word' id='word_1_317' title='bbox 642 3725 844 3789; x_wconf 90' lang='lat' dir='ltr'>mandamns.</span> <span class='ocrx_word' id='word_1_318' title='bbox 881 3720 943 3788; x_wconf 91' lang='lat' dir='ltr'>Die</span> <span class='ocrx_word' id='word_1_319' title='bbox 968 3729 1077 3788; x_wconf 88' lang='lat' dir='ltr'>antem</span> <span class='ocrx_word' id='word_1_320' title='bbox 1101 3721 1274 3788; x_wconf 91' lang='lat' dir='ltr'>eleccionis</span> <span class='ocrx_word' id='word_1_321' title='bbox 1298 3728 1411 3788; x_wconf 89' lang='lat' dir='ltr'>nostre</span> <span class='ocrx_word' id='word_1_322' title='bbox 1434 3721 1564 3788; x_wconf 90' lang='lat' dir='ltr'>anobis</span> <span class='ocrx_word' id='word_1_323' title='bbox 1579 3720 1707 3788; x_wconf 90' lang='lat' dir='ltr'>solenni</span> <span class='ocrx_word' id='word_1_324' title='bbox 1722 3720 1905 3804; x_wconf 90' lang='lat' dir='ltr'>principum</span> <span class='ocrx_word' id='word_1_325' title='bbox 1920 3721 2046 3788; x_wconf 89' lang='lat' dir='ltr'>indicta</span> 
     </span>
     <span class='ocr_line' id='line_1_31' title="bbox 391 3825 2045 3912; baseline 0.001 -17"><span class='ocrx_word' id='word_1_326' title='bbox 391 3829 492 3912; x_wconf 91' lang='lat' dir='ltr'>curia,</span> <span class='ocrx_word' id='word_1_327' title='bbox 516 3829 550 3895; x_wconf 92' lang='lat' dir='ltr'>in</span> <span class='ocrx_word' id='word_1_328' title='bbox 573 3827 660 3896; x_wconf 91' lang='lat' dir='ltr'>iesto</span> <span class='ocrx_word' id='word_1_329' title='bbox 684 3827 774 3896; x_wconf 90' lang='lat' dir='ltr'>beati</span> <span class='ocrx_word' id='word_1_330' title='bbox 790 3829 909 3896; x_wconf 89' lang='lat' dir='ltr'>Jacobi</span> <span class='ocrx_word' id='word_1_331' title='bbox 933 3827 1083 3912; x_wconf 90' lang='lat' dir='ltr'>apostoli,</span> <span class='ocrx_word' id='word_1_332' title='bbox 1109 3827 1366 3903; x_wconf 83' lang='lat' dir='ltr'>Franchonlort,</span> <span class='ocrx_word' id='word_1_333' title='bbox 1391 3828 1533 3894; x_wconf 88' lang='lat' dir='ltr'>nobilem</span> <span class='ocrx_word' id='word_1_334' title='bbox 1546 3827 1675 3910; x_wconf 91' lang='lat' dir='ltr'>imperii</span> <span class='ocrx_word' id='word_1_335' title='bbox 1690 3827 1869 3910; x_wconf 88' lang='lat' dir='ltr'>civitatem,</span> <span class='ocrx_word' id='word_1_336' title='bbox 1893 3825 2045 3896; x_wconf 82' lang='lat' dir='ltr'>felicibus</span> 
     </span>
     <span class='ocr_line' id='line_1_32' title="bbox 391 3933 2044 4021; baseline -0.001 -17"><span class='ocrx_word' id='word_1_337' title='bbox 391 3935 546 4018; x_wconf 88' lang='lat' dir='ltr'>auspiciis</span> <span class='ocrx_word' id='word_1_338' title='bbox 570 3935 665 4019; x_wconf 86' lang='lat' dir='ltr'>signa</span> <span class='ocrx_word' id='word_1_339' title='bbox 688 3942 803 4003; x_wconf 89' lang='lat' dir='ltr'>nostra</span> <span class='ocrx_word' id='word_1_340' title='bbox 825 3935 993 4016; x_wconf 75' lang='lat' dir='ltr'>movimus</span> <span class='ocrx_word' id='word_1_341' title='bbox 1019 3937 1062 4001; x_wconf 90' lang='lat' dir='ltr'>ad</span> <span class='ocrx_word' id='word_1_342' title='bbox 1086 3934 1342 4002; x_wconf 89' lang='lat' dir='ltr'>celebracionem</span> <span class='ocrx_word' id='word_1_343' title='bbox 1361 3934 1448 4001; x_wconf 91' lang='lat' dir='ltr'>dicte</span> <span class='ocrx_word' id='word_1_344' title='bbox 1465 3933 1554 4002; x_wconf 91' lang='lat' dir='ltr'>curie</span> <span class='ocrx_word' id='word_1_345' title='bbox 1570 3942 1796 4018; x_wconf 89' lang='lat' dir='ltr'>properantes.</span> <span class='ocrx_word' id='word_1_346' title='bbox 1832 3937 1904 4021; x_wconf 79' lang='lat' dir='ltr'>Quo</span> <span class='ocrx_word' id='word_1_347' title='bbox 1920 3935 2044 4003; x_wconf 85' lang='lat' dir='ltr'>andito.</span> 
     </span>
     <span class='ocr_line' id='line_1_33' title="bbox 391 4039 2044 4125; baseline 0 -17"><span class='ocrx_word' id='word_1_348' title='bbox 391 4045 573 4123; x_wconf 75' lang='lat' dir='ltr'>CnnraduS,</span> <span class='ocrx_word' id='word_1_349' title='bbox 591 4041 758 4108; x_wconf 85' lang='lat' dir='ltr'>Frederici</span> <span class='ocrx_word' id='word_1_350' title='bbox 781 4044 943 4125; x_wconf 90' lang='lat' dir='ltr'>quondam</span> <span class='ocrx_word' id='word_1_351' title='bbox 959 4040 1168 4123; x_wconf 88' lang='lat' dir='ltr'>imperatoris</span> <span class='ocrx_word' id='word_1_352' title='bbox 1183 4040 1278 4122; x_wconf 88' lang='lat' dir='ltr'>illius,</span> <span class='ocrx_word' id='word_1_353' title='bbox 1302 4049 1410 4108; x_wconf 89' lang='lat' dir='ltr'>motus</span> <span class='ocrx_word' id='word_1_354' title='bbox 1425 4039 1597 4108; x_wconf 90' lang='lat' dir='ltr'>intrinseci</span> <span class='ocrx_word' id='word_1_355' title='bbox 1611 4041 1734 4108; x_wconf 88' lang='lat' dir='ltr'>doloris</span> <span class='ocrx_word' id='word_1_356' title='bbox 1750 4041 1863 4108; x_wconf 69' lang='lat' dir='ltr'>amco</span> <span class='ocrx_word' id='word_1_357' title='bbox 1879 4041 1914 4108; x_wconf 88' lang='lat' dir='ltr'>in</span> <span class='ocrx_word' id='word_1_358' title='bbox 1930 4063 2044 4125; x_wconf 90' lang='lat' dir='ltr'>campo</span> 
     </span>
     <span class='ocr_line' id='line_1_34' title="bbox 391 4145 2044 4230; baseline 0.001 -16"><span class='ocrx_word' id='word_1_359' title='bbox 391 4147 479 4216; x_wconf 92' lang='lat' dir='ltr'>circa</span> <span class='ocrx_word' id='word_1_360' title='bbox 497 4145 740 4214; x_wconf 85' lang='lat' dir='ltr'>Francheniort</span> <span class='ocrx_word' id='word_1_361' title='bbox 763 4149 856 4215; x_wconf 87' lang='lat' dir='ltr'>nobis</span> <span class='ocrx_word' id='word_1_362' title='bbox 881 4148 1034 4229; x_wconf 92' lang='lat' dir='ltr'>occurrit,</span> <span class='ocrx_word' id='word_1_363' title='bbox 1060 4147 1205 4230; x_wconf 88' lang='lat' dir='ltr'>stipatus</span> <span class='ocrx_word' id='word_1_364' title='bbox 1227 4147 1435 4214; x_wconf 90' lang='lat' dir='ltr'>multitudine</span> <span class='ocrx_word' id='word_1_365' title='bbox 1454 4147 1658 4230; x_wconf 87' lang='lat' dir='ltr'>bellatorum,</span> <span class='ocrx_word' id='word_1_366' title='bbox 1682 4147 1797 4215; x_wconf 91' lang='lat' dir='ltr'>volens</span> <span class='ocrx_word' id='word_1_367' title='bbox 1812 4147 1907 4215; x_wconf 90' lang='lat' dir='ltr'>nobis</span> <span class='ocrx_word' id='word_1_368' title='bbox 1923 4149 2044 4216; x_wconf 89' lang='lat' dir='ltr'>indicte</span> 
     </span>
     <span class='ocr_line' id='line_1_35' title="bbox 391 4254 2045 4336; baseline -0.001 -14"><span class='ocrx_word' id='word_1_369' title='bbox 391 4255 480 4322; x_wconf 91' lang='lat' dir='ltr'>curie</span> <span class='ocrx_word' id='word_1_370' title='bbox 504 4254 757 4322; x_wconf 89' lang='lat' dir='ltr'>celebrationem</span> <span class='ocrx_word' id='word_1_371' title='bbox 780 4255 860 4322; x_wconf 90' lang='lat' dir='ltr'>totis</span> <span class='ocrx_word' id='word_1_372' title='bbox 883 4255 1008 4322; x_wconf 91' lang='lat' dir='ltr'>viribus</span> <span class='ocrx_word' id='word_1_373' title='bbox 1032 4261 1154 4320; x_wconf 90' lang='lat' dir='ltr'>temere</span> <span class='ocrx_word' id='word_1_374' title='bbox 1179 4255 1361 4336; x_wconf 86' lang='lat' dir='ltr'>prohibere.</span> <span class='ocrx_word' id='word_1_375' title='bbox 1408 4257 1530 4322; x_wconf 85' lang='lat' dir='ltr'>l&#39;erum</span> <span class='ocrx_word' id='word_1_376' title='bbox 1552 4254 1630 4322; x_wconf 88' lang='lat' dir='ltr'>licet</span> <span class='ocrx_word' id='word_1_377' title='bbox 1659 4255 1711 4322; x_wconf 88' lang='lat' dir='ltr'>die</span> <span class='ocrx_word' id='word_1_378' title='bbox 1742 4255 1902 4322; x_wconf 90' lang='lat' dir='ltr'>dominico</span> <span class='ocrx_word' id='word_1_379' title='bbox 1933 4264 2045 4322; x_wconf 86' lang='lat' dir='ltr'>castra</span> 
     </span>
     <span class='ocr_line' id='line_1_36' title="bbox 392 4360 2042 4446; baseline 0.004 -18"><span class='ocrx_word' id='word_1_380' title='bbox 392 4381 452 4428; x_wconf 88' lang='lat' dir='ltr'>sua</span> <span class='ocrx_word' id='word_1_381' title='bbox 475 4362 564 4428; x_wconf 89' lang='lat' dir='ltr'>ultra</span> <span class='ocrx_word' id='word_1_382' title='bbox 588 4380 705 4444; x_wconf 89' lang='lat' dir='ltr'>aquam</span> <span class='ocrx_word' id='word_1_383' title='bbox 720 4361 823 4446; x_wconf 88' lang='lat' dir='ltr'>Mogli</span> <span class='ocrx_word' id='word_1_384' title='bbox 837 4361 871 4428; x_wconf 91' lang='lat' dir='ltr'>in</span> <span class='ocrx_word' id='word_1_385' title='bbox 886 4362 957 4429; x_wconf 91' lang='lat' dir='ltr'>loco</span> <span class='ocrx_word' id='word_1_386' title='bbox 973 4361 1097 4426; x_wconf 90' lang='lat' dir='ltr'>munito</span> <span class='ocrx_word' id='word_1_387' title='bbox 1114 4360 1288 4444; x_wconf 88' lang='lat' dir='ltr'>posuisset,</span> <span class='ocrx_word' id='word_1_388' title='bbox 1314 4379 1432 4444; x_wconf 88' lang='lat' dir='ltr'>aquam</span> <span class='ocrx_word' id='word_1_389' title='bbox 1448 4369 1482 4428; x_wconf 90' lang='lat' dir='ltr'>et</span> <span class='ocrx_word' id='word_1_390' title='bbox 1496 4361 1603 4428; x_wconf 90' lang='lat' dir='ltr'>locum</span> <span class='ocrx_word' id='word_1_391' title='bbox 1618 4381 1677 4445; x_wconf 87' lang='lat' dir='ltr'>pro</span> <span class='ocrx_word' id='word_1_392' title='bbox 1693 4361 1868 4428; x_wconf 88' lang='lat' dir='ltr'>munimine</span> <span class='ocrx_word' id='word_1_393' title='bbox 1884 4361 2042 4446; x_wconf 80' lang='lat' dir='ltr'>eligendo.</span> 
     </span>
     <span class='ocr_line' id='line_1_37' title="bbox 391 4467 2042 4552; baseline 0.001 -17"><span class='ocrx_word' id='word_1_394' title='bbox 391 4489 451 4535; x_wconf 90' lang='lat' dir='ltr'>nos</span> <span class='ocrx_word' id='word_1_395' title='bbox 475 4475 584 4535; x_wconf 88' lang='lat' dir='ltr'>tamen</span> <span class='ocrx_word' id='word_1_396' title='bbox 608 4475 641 4535; x_wconf 88' lang='lat' dir='ltr'>et</span> <span class='ocrx_word' id='word_1_397' title='bbox 665 4468 720 4551; x_wconf 85' lang='lat' dir='ltr'>qui</span> <span class='ocrx_word' id='word_1_398' title='bbox 742 4467 911 4534; x_wconf 90' lang='lat' dir='ltr'>nobiscum</span> <span class='ocrx_word' id='word_1_399' title='bbox 935 4476 1031 4534; x_wconf 88' lang='lat' dir='ltr'>erant</span> <span class='ocrx_word' id='word_1_400' title='bbox 1055 4469 1220 4551; x_wconf 89' lang='lat' dir='ltr'>principes</span> <span class='ocrx_word' id='word_1_401' title='bbox 1249 4467 1356 4552; x_wconf 93' lang='lat' dir='ltr'>ipsum</span> <span class='ocrx_word' id='word_1_402' title='bbox 1383 4475 1417 4534; x_wconf 92' lang='lat' dir='ltr'>et</span> <span class='ocrx_word' id='word_1_403' title='bbox 1447 4467 1590 4535; x_wconf 90' lang='lat' dir='ltr'>eiusdem</span> <span class='ocrx_word' id='word_1_404' title='bbox 1614 4468 1702 4535; x_wconf 89' lang='lat' dir='ltr'>acics</span> <span class='ocrx_word' id='word_1_405' title='bbox 1732 4470 1885 4552; x_wconf 87' lang='lat' dir='ltr'>aggressi</span> <span class='ocrx_word' id='word_1_406' title='bbox 1915 4467 2042 4537; x_wconf 85' lang='lat' dir='ltr'>inimus.</span> 
     </span>
     <span class='ocr_line' id='line_1_38' title="bbox 392 4571 2043 4660; baseline 0.001 -19"><span class='ocrx_word' id='word_1_407' title='bbox 392 4580 426 4641; x_wconf 90' lang='lat' dir='ltr'>et</span> <span class='ocrx_word' id='word_1_408' title='bbox 448 4573 519 4657; x_wconf 91' lang='lat' dir='ltr'>ipse</span> <span class='ocrx_word' id='word_1_409' title='bbox 543 4575 650 4640; x_wconf 91' lang='lat' dir='ltr'>subito</span> <span class='ocrx_word' id='word_1_410' title='bbox 676 4594 747 4641; x_wconf 91' lang='lat' dir='ltr'>cum</span> <span class='ocrx_word' id='word_1_411' title='bbox 771 4574 838 4641; x_wconf 89' lang='lat' dir='ltr'>suis</span> <span class='ocrx_word' id='word_1_412' title='bbox 862 4593 978 4642; x_wconf 90' lang='lat' dir='ltr'>versus</span> <span class='ocrx_word' id='word_1_413' title='bbox 1001 4576 1035 4641; x_wconf 91' lang='lat' dir='ltr'>in</span> <span class='ocrx_word' id='word_1_414' title='bbox 1058 4571 1172 4658; x_wconf 85' lang='lat' dir='ltr'>iugem</span> <span class='ocrx_word' id='word_1_415' title='bbox 1189 4582 1316 4658; x_wconf 85' lang='lat' dir='ltr'>tergum</span> <span class='ocrx_word' id='word_1_416' title='bbox 1332 4575 1427 4641; x_wconf 92' lang='lat' dir='ltr'>nobis</span> <span class='ocrx_word' id='word_1_417' title='bbox 1443 4583 1477 4640; x_wconf 87' lang='lat' dir='ltr'>et</span> <span class='ocrx_word' id='word_1_418' title='bbox 1493 4595 1557 4642; x_wconf 93' lang='lat' dir='ltr'>non</span> <span class='ocrx_word' id='word_1_419' title='bbox 1573 4573 1692 4642; x_wconf 85' lang='lat' dir='ltr'>faciem</span> <span class='ocrx_word' id='word_1_420' title='bbox 1708 4575 1854 4641; x_wconf 89' lang='lat' dir='ltr'>ostendit</span> <span class='ocrx_word' id='word_1_421' title='bbox 1869 4573 2043 4660; x_wconf 79' lang='lat' dir='ltr'>fugamque</span> 
     </span>
     <span class='ocr_line' id='line_1_39' title="bbox 393 4679 2043 4764; baseline 0.001 -17"><span class='ocrx_word' id='word_1_422' title='bbox 393 4679 543 4763; x_wconf 85' lang='lat' dir='ltr'>arripuit,</span> <span class='ocrx_word' id='word_1_423' title='bbox 569 4701 665 4763; x_wconf 90' lang='lat' dir='ltr'>quam</span> <span class='ocrx_word' id='word_1_424' title='bbox 689 4682 795 4748; x_wconf 88' lang='lat' dir='ltr'>solent</span> <span class='ocrx_word' id='word_1_425' title='bbox 819 4681 965 4764; x_wconf 90' lang='lat' dir='ltr'>arripere</span> <span class='ocrx_word' id='word_1_426' title='bbox 990 4700 1062 4746; x_wconf 93' lang='lat' dir='ltr'>cum</span> <span class='ocrx_word' id='word_1_427' title='bbox 1086 4700 1182 4746; x_wconf 85' lang='lat' dir='ltr'>sacro</span> <span class='ocrx_word' id='word_1_428' title='bbox 1205 4680 1340 4763; x_wconf 88' lang='lat' dir='ltr'>imperio</span> <span class='ocrx_word' id='word_1_429' title='bbox 1364 4684 1583 4763; x_wconf 89' lang='lat' dir='ltr'>decertantes,</span> <span class='ocrx_word' id='word_1_430' title='bbox 1608 4681 1767 4764; x_wconf 90' lang='lat' dir='ltr'>nobisque</span> <span class='ocrx_word' id='word_1_431' title='bbox 1791 4701 1906 4764; x_wconf 91' lang='lat' dir='ltr'>campo</span> <span class='ocrx_word' id='word_1_432' title='bbox 1930 4682 2043 4748; x_wconf 88' lang='lat' dir='ltr'>relicto</span> 
     </span>
     <span class='ocr_line' id='line_1_40' title="bbox 392 4786 2044 4872; baseline 0.001 -19"><span class='ocrx_word' id='word_1_433' title='bbox 392 4807 465 4853; x_wconf 89' lang='lat' dir='ltr'>cum</span> <span class='ocrx_word' id='word_1_434' title='bbox 489 4787 648 4868; x_wconf 88' lang='lat' dir='ltr'>curribus,</span> <span class='ocrx_word' id='word_1_435' title='bbox 681 4788 832 4854; x_wconf 90' lang='lat' dir='ltr'>tentoriis</span> <span class='ocrx_word' id='word_1_436' title='bbox 863 4795 896 4854; x_wconf 89' lang='lat' dir='ltr'>ct</span> <span class='ocrx_word' id='word_1_437' title='bbox 926 4786 1038 4870; x_wconf 88' lang='lat' dir='ltr'>spoliis</span> <span class='ocrx_word' id='word_1_438' title='bbox 1065 4787 1239 4866; x_wconf 86' lang='lat' dir='ltr'>universis,</span> <span class='ocrx_word' id='word_1_439' title='bbox 1272 4807 1312 4854; x_wconf 85' lang='lat' dir='ltr'>ex</span> <span class='ocrx_word' id='word_1_440' title='bbox 1343 4787 1411 4853; x_wconf 89' lang='lat' dir='ltr'>suis</span> <span class='ocrx_word' id='word_1_441' title='bbox 1435 4788 1640 4854; x_wconf 77' lang='lat' dir='ltr'>Dt¹XXIIII</span> <span class='ocrx_word' id='word_1_442' title='bbox 1663 4786 1905 4871; x_wconf 77' lang='lat' dir='ltr'>captivavimus</span> <span class='ocrx_word' id='word_1_443' title='bbox 1935 4797 2044 4872; x_wconf 86' lang='lat' dir='ltr'>preter</span> 
     </span>
     <span class='ocr_line' id='line_1_41' title="bbox 392 4893 2043 4980; baseline 0 -20"><span class='ocrx_word' id='word_1_444' title='bbox 392 4894 517 4961; x_wconf 71' lang='lat' dir='ltr'>cccmus</span> <span class='ocrx_word' id='word_1_445' title='bbox 540 4895 574 4960; x_wconf 93' lang='lat' dir='ltr'>in</span> <span class='ocrx_word' id='word_1_446' title='bbox 598 4913 712 4976; x_wconf 91' lang='lat' dir='ltr'>campo</span> <span class='ocrx_word' id='word_1_447' title='bbox 736 4901 769 4960; x_wconf 92' lang='lat' dir='ltr'>et</span> <span class='ocrx_word' id='word_1_448' title='bbox 792 4895 918 4961; x_wconf 93' lang='lat' dir='ltr'>illorum</span> <span class='ocrx_word' id='word_1_449' title='bbox 929 4896 975 4980; x_wconf 86' lang='lat' dir='ltr'>(l),</span> <span class='ocrx_word' id='word_1_450' title='bbox 1001 4893 1056 4974; x_wconf 81' lang='lat' dir='ltr'>qui</span> <span class='ocrx_word' id='word_1_451' title='bbox 1079 4901 1167 4960; x_wconf 89' lang='lat' dir='ltr'>metu</span> <span class='ocrx_word' id='word_1_452' title='bbox 1192 4895 1339 4977; x_wconf 84' lang='lat' dir='ltr'>percussi</span> <span class='ocrx_word' id='word_1_453' title='bbox 1361 4895 1395 4960; x_wconf 92' lang='lat' dir='ltr'>in</span> <span class='ocrx_word' id='word_1_454' title='bbox 1419 4895 1528 4978; x_wconf 88' lang='lat' dir='ltr'>Mogio</span> <span class='ocrx_word' id='word_1_455' title='bbox 1552 4902 1630 4961; x_wconf 87' lang='lat' dir='ltr'>sunt</span> <span class='ocrx_word' id='word_1_456' title='bbox 1652 4895 1821 4961; x_wconf 89' lang='lat' dir='ltr'>submersi.</span> <span class='ocrx_word' id='word_1_457' title='bbox 1862 4895 2043 4963; x_wconf 85' lang='lat' dir='ltr'>Gaudeatis</span> 
     </span>
     <span class='ocr_line' id='line_1_42' title="bbox 393 4999 2043 5086; baseline 0 -19"><span class='ocrx_word' id='word_1_458' title='bbox 393 5021 471 5084; x_wconf 84' lang='lat' dir='ltr'>crgo</span> <span class='ocrx_word' id='word_1_459' title='bbox 494 5000 529 5066; x_wconf 91' lang='lat' dir='ltr'>in</span> <span class='ocrx_word' id='word_1_460' title='bbox 560 5000 688 5068; x_wconf 92' lang='lat' dir='ltr'>domino</span> <span class='ocrx_word' id='word_1_461' title='bbox 720 5009 754 5067; x_wconf 91' lang='lat' dir='ltr'>et</span> <span class='ocrx_word' id='word_1_462' title='bbox 786 5001 819 5067; x_wconf 92' lang='lat' dir='ltr'>in</span> <span class='ocrx_word' id='word_1_463' title='bbox 850 5001 1002 5084; x_wconf 90' lang='lat' dir='ltr'>potencia</span> <span class='ocrx_word' id='word_1_464' title='bbox 1025 4999 1160 5067; x_wconf 90' lang='lat' dir='ltr'>virtutis</span> <span class='ocrx_word' id='word_1_465' title='bbox 1192 5001 1272 5083; x_wconf 90' lang='lat' dir='ltr'>eius,</span> <span class='ocrx_word' id='word_1_466' title='bbox 1306 5002 1362 5082; x_wconf 87' lang='lat' dir='ltr'>qui</span> <span class='ocrx_word' id='word_1_467' title='bbox 1392 5001 1426 5067; x_wconf 91' lang='lat' dir='ltr'>in</span> <span class='ocrx_word' id='word_1_468' title='bbox 1456 5009 1572 5068; x_wconf 88' lang='lat' dir='ltr'>nostra</span> <span class='ocrx_word' id='word_1_469' title='bbox 1603 5000 1772 5084; x_wconf 88' lang='lat' dir='ltr'>primitiva</span> <span class='ocrx_word' id='word_1_470' title='bbox 1802 5001 2043 5086; x_wconf 87' lang='lat' dir='ltr'>gubernacione</span> 
     </span>
     <span class='ocr_line' id='line_1_43' title="bbox 392 5107 2042 5193; baseline 0 -20"><span class='ocrx_word' id='word_1_471' title='bbox 392 5107 520 5190; x_wconf 89' lang='lat' dir='ltr'>imperii</span> <span class='ocrx_word' id='word_1_472' title='bbox 543 5107 782 5192; x_wconf 87' lang='lat' dir='ltr'>dignatusest,</span> <span class='ocrx_word' id='word_1_473' title='bbox 815 5111 854 5174; x_wconf 91' lang='lat' dir='ltr'>de</span> <span class='ocrx_word' id='word_1_474' title='bbox 884 5108 949 5174; x_wconf 91' lang='lat' dir='ltr'>filio</span> <span class='ocrx_word' id='word_1_475' title='bbox 977 5108 1161 5175; x_wconf 89' lang='lat' dir='ltr'>adversarii</span> <span class='ocrx_word' id='word_1_476' title='bbox 1191 5107 1297 5175; x_wconf 89' lang='lat' dir='ltr'>nostri</span> <span class='ocrx_word' id='word_1_477' title='bbox 1326 5111 1407 5176; x_wconf 88' lang='lat' dir='ltr'>dare</span> <span class='ocrx_word' id='word_1_478' title='bbox 1429 5107 1602 5175; x_wconf 90' lang='lat' dir='ltr'>victoriam</span> <span class='ocrx_word' id='word_1_479' title='bbox 1632 5108 1818 5193; x_wconf 87' lang='lat' dir='ltr'>gloriosam.</span> <span class='ocrx_word' id='word_1_480' title='bbox 1869 5109 2042 5193; x_wconf 79' lang='lat' dir='ltr'>Speremus</span> 
     </span>
     <span class='ocr_line' id='line_1_44' title="bbox 392 5213 2041 5298; baseline -0.001 -17"><span class='ocrx_word' id='word_1_481' title='bbox 392 5214 477 5281; x_wconf 90' lang='lat' dir='ltr'>enim</span> <span class='ocrx_word' id='word_1_482' title='bbox 499 5213 534 5281; x_wconf 91' lang='lat' dir='ltr'>in</span> <span class='ocrx_word' id='word_1_483' title='bbox 564 5213 702 5296; x_wconf 89' lang='lat' dir='ltr'>domino,</span> <span class='ocrx_word' id='word_1_484' title='bbox 734 5218 819 5295; x_wconf 89' lang='lat' dir='ltr'>quod</span> <span class='ocrx_word' id='word_1_485' title='bbox 851 5221 966 5282; x_wconf 89' lang='lat' dir='ltr'>contra</span> <span class='ocrx_word' id='word_1_486' title='bbox 996 5221 1125 5298; x_wconf 91' lang='lat' dir='ltr'>patrem</span> <span class='ocrx_word' id='word_1_487' title='bbox 1156 5215 1225 5281; x_wconf 91' lang='lat' dir='ltr'>eius</span> <span class='ocrx_word' id='word_1_488' title='bbox 1248 5215 1520 5298; x_wconf 89' lang='lat' dir='ltr'>triumphabimus</span> <span class='ocrx_word' id='word_1_489' title='bbox 1551 5235 1588 5282; x_wconf 93' lang='lat' dir='ltr'>eo</span> <span class='ocrx_word' id='word_1_490' title='bbox 1618 5235 1717 5295; x_wconf 84' lang='lat' dir='ltr'>more,</span> <span class='ocrx_word' id='word_1_491' title='bbox 1748 5234 1812 5296; x_wconf 87' lang='lat' dir='ltr'>quo</span> <span class='ocrx_word' id='word_1_492' title='bbox 1843 5215 2041 5298; x_wconf 78' lang='lat' dir='ltr'>triumphare</span> 
     </span>
     <span class='ocr_line' id='line_1_45' title="bbox 393 5321 942 5405; baseline -0.005 -16"><span class='ocrx_word' id='word_1_493' title='bbox 393 5322 499 5389; x_wconf 90' lang='lat' dir='ltr'>solent</span> <span class='ocrx_word' id='word_1_494' title='bbox 523 5321 688 5405; x_wconf 87' lang='lat' dir='ltr'>principes</span> <span class='ocrx_word' id='word_1_495' title='bbox 712 5322 942 5388; x_wconf 89' lang='lat' dir='ltr'>Romanorum.</span> 
     </span>
    </p>
   </div>
   <div class='ocr_carea' id='block_1_7' title="bbox 607 5463 1334 5619">
    <p class='ocr_par' dir='ltr' id='par_1_7' title="bbox 607 5463 1334 5619">
     <span class='ocr_line' id='line_1_46' title="bbox 607 5463 1334 5532; baseline -0.003 -14"><span class='ocrx_word' id='word_1_496' title='bbox 607 5463 706 5518; x_wconf 68' lang='lat' dir='ltr'>Gonia:</span> <span class='ocrx_word' id='word_1_497' title='bbox 724 5464 768 5532; x_wconf 80' lang='lat' dir='ltr'>R,</span> <span class='ocrx_word' id='word_1_498' title='bbox 791 5467 823 5517; x_wconf 82' lang='lat'>77</span> <span class='ocrx_word' id='word_1_499' title='bbox 841 5464 911 5517; x_wconf 82' lang='lat' dir='ltr'>uach</span> <span class='ocrx_word' id='word_1_500' title='bbox 930 5464 1024 5532; x_wconf 76' lang='lat' dir='ltr'>Heln,</span> <span class='ocrx_word' id='word_1_501' title='bbox 1046 5464 1210 5532; x_wconf 75' lang='lat' dir='ltr'>colinton,</span> <span class='ocrx_word' id='word_1_502' title='bbox 1229 5463 1254 5531; x_wconf 92' lang='lat' dir='ltr'>I,</span> <span class='ocrx_word' id='word_1_503' title='bbox 1273 5467 1334 5518; x_wconf 80' lang='lat'><em>253.</em></span> 
     </span>
     <span class='ocr_line' id='line_1_47' title="bbox 611 5551 981 5619; baseline -0.003 -13"><span class='ocrx_word' id='word_1_504' title='bbox 611 5551 704 5606; x_wconf 76' lang='lat' dir='ltr'>Vera:</span> <span class='ocrx_word' id='word_1_505' title='bbox 722 5552 816 5619; x_wconf 78' lang='lat' dir='ltr'>B.·l⁴&#39;.,</span> <span class='ocrx_word' id='word_1_506' title='bbox 837 5553 887 5607; x_wconf 85' lang='lat' dir='ltr'>No.</span> <span class='ocrx_word' id='word_1_507' title='bbox 903 5556 981 5607; x_wconf 77' lang='grc'><em>4870.</em></span> 
     </span>
    </p>
   </div>
   <div class='ocr_carea' id='block_1_8' title="bbox 660 5745 789 5796">
    <p class='ocr_par' dir='ltr' id='par_1_8' title="bbox 660 5745 789 5796">
     <span class='ocr_line' id='line_1_48' title="bbox 660 5745 789 5796; baseline -0.016 -8"><span class='ocrx_word' id='word_1_508' title='bbox 660 5751 684 5796; x_wconf 72' lang='grc' dir='ltr'>ι)</span> <span class='ocrx_word' id='word_1_509' title='bbox 700 5745 789 5788; x_wconf 83' lang='lat' dir='ltr'>Rosuv.</span> 
     </span>
    </p>
   </div>
   <div class='ocr_carea' id='block_1_9' title="bbox 0 0 2204 6384">
    <p class='ocr_par' dir='ltr' id='par_1_9' title="bbox 0 0 2204 6384">
     <span class='ocr_line' id='line_1_49' title="bbox 0 0 2204 6384; baseline 0 0"><span class='ocrx_word' id='word_1_510' title='bbox 0 0 2204 6384; x_wconf 95' lang='lat' dir='ltr'> </span> 
     </span>
    </p>
   </div>
  </div>
 </body>
</html>
