4400 6384
747 319 817 374 1308
835 318 956 375 Juniis
975 349 1008 360 ·-
1029 319 1098 375 13oe
1117 317 1175 374 Juli
1195 320 1237 374 1³.
1754 323 1820 388 469

160 519 339 604 recipimus
368 520 403 585 in
433 517 574 601 pecunia
599 524 774 585 numerata
797 525 830 585 et
853 517 887 583 in
910 516 1060 584 utiliores
1083 535 1163 583 usus
1187 520 1301 584 domus
1324 524 1437 584 nostre
1460 517 1681 584 convertimus
1705 538 1820 602 supra-

161 629 268 710 dicte;
296 627 507 711 resignantes
531 631 564 692 et
587 625 821 691 renunciantes
844 624 947 691 omnis
970 622 1054 690 iuris
1078 623 1202 690 auxilio
1228 622 1377 690 canonici
1400 625 1453 692 vel
1477 623 1592 706 civilis,
1617 629 1702 706 quod
1726 625 1820 692 nubis

161 735 216 803 vel
247 733 409 801 iratribus
439 731 563 799 nostris
594 731 840 798 successoribus
871 750 971 814 super
1001 730 1082 814 ipsis
1106 733 1211 811 domo,
1236 730 1328 797 curia
1351 738 1385 797 et
1408 731 1575 798 mansione
1600 739 1712 814 posset
1736 753 1821 800 com·

160 850 277 925 petere
292 842 327 908 in
343 840 500 922 futurum,
518 840 749 922 promittentes
764 839 863 905 etiam
881 837 977 904 dictis
994 837 1186 920 coniugibus
1204 840 1243 904 de
1260 837 1357 904 dictis
1373 841 1476 920 domo,
1495 838 1587 904 curia
1602 846 1636 905 et
1652 839 1819 906 mansione

160 948 275 1016 iacere
306 969 365 1031 per
395 967 515 1013 annum
539 954 573 1012 et
597 946 680 1012 diem
706 945 909 1012 warenniam
932 943 1077 1011 debitam
1100 951 1135 1010 et
1159 952 1365 1026 consuetam;
1398 947 1515 1010 dautes
1540 945 1661 1011 eisdem
1676 947 1821 1031 Wigloni

159 1065 193 1123 et
222 1057 292 1123 suis
315 1054 491 1122 heredibus
513 1055 574 1120 bas
597 1052 729 1119 litteras
752 1051 858 1119 nostri
880 1051 999 1118 iratris
1022 1051 1205 1118 Hermanni
1229 1051 1503 1118 commendatoris
1526 1051 1632 1136 sigillo
1657 1053 1819 1137 sigillatas

158 1165 193 1230 in
222 1162 413 1230 firmitatem
436 1169 471 1226 et
494 1159 717 1226 testimonium
740 1158 981 1242 premissorum.
1029 1160 1149 1224 Actum
1173 1178 1259 1224 anno
1283 1157 1404 1224 domini
1427 1160 1467 1224 rb.
1491 1156 1557 1224 cic.
1580 1167 1709 1242 octavo,
1735 1160 1820 1226 feria

158 1272 279 1353 quinta
303 1276 381 1336 ante
404 1267 525 1335 festum
549 1268 790 1350 penthecostes.

379 1411 425 1464 Or.
438 1409 527 1480 Ppmt.
565 1410 737 1480 Abbanpead
760 1409 813 1463 dna
837 1415 919 1463 etwas
942 1408 1111 1477 beacbdda'ytc
1131 1406 1218 1476 Siegcl
1235 1408 1282 1464 das
1300 1408 1451 1463 Korutbors
1470 1409 1624 1463 Hermann.
1663 1407 1702 1463 St.
1717 1411 1751 1464 A.
1766 1411 1818 1464 Fr.

430 1497 664 1564 Hcdfraueustr'fi
682 1499 736 1552 No.
756 1503 816 1554 603.

377 1587 777 1655 chr.:B.,381aacbdem
798 1587 844 1642 Or.
865 1629 871 1640 .

156 1911 254 1988 905.
278 1920 347 1985 Der
375 1919 596 2002 Franbsarter
626 1918 766 2001 Pfarrer
788 1919 938 1984 Albreclri
966 1919 1033 1983 aad
1062 1919 1119 1983 der
1141 1918 1336 1998 Seboltbciss
1355 1919 1477 1985 Volrad
1506 1922 1701 1987 eatscbcidea
1731 1926 1819 1988 cinea

277 2028 374 2094 Saea
395 2028 552 2092 zwisalten
573 2027 634 2090 den
656 2025 811 2091 Kldsterrr
827 2026 988 2091 Mecrlrola
1011 2027 1078 2090 aad
1093 2027 1218 2091 Selbold
1241 2031 1411 2107 cimmeriis,
1435 2027 1502 2092 und
1525 2029 1585 2094 dea
1600 2028 1819 2112 Fronlrfurter

278 2135 432 2218 Bibpern
455 2132 533 2198 Lotr
563 2154 624 2198 voa
646 2133 853 2198 Holabousea
880 2134 948 2197 aad
970 2133 1103 2198 Jobnna
1132 2155 1192 2198 oon
1217 2132 1387 2217 Glorrburp
1417 2135 1625 2200 andercrseits
1655 2138 1732 2201 tiber
1758 2138 1819 2202 den
1888 2158 1889 2164 ¹

277 2241 440 2306 Nocblass
463 2241 607 2304 Arnolds
636 2261 696 2305 von
721 2241 891 2324 arnaburg
921 2243 955 2304 in
984 2240 1149 2325 folpeader
1172 2240 1288 2304 ll'eisc:
1316 2243 1351 2320 1)
1376 2239 1455 2305 Lata
1478 2242 1544 2306 arrd
1566 2242 1699 2308 Jobaaa
1721 2245 1819 2309 sollcrs

277 2351 347 2414 clem
362 2348 494 2413 Kloster
509 2348 633 2413 selbodt
657 2353 699 2412 64
716 2347 815 2413 Mori
837 2348 978 2412 lrdlnr'scb
1002 2369 1071 2412 oum
1085 2349 1130 2412 St.
1145 2347 1374 2431 llIiclrnelsiage
1397 2369 1441 2413 on
1463 2347 1528 2430 aas
1540 2352 1591 2414 eiu
1606 2349 1692 2415 Jobr
1708 2350 1816 2430 tribea

277 2457 328 2520 (lie
349 2457 432 2520 nach
455 2453 654 2536 Jabresrrtsr
675 2477 749 2518 ram
771 2455 911 2538 gislebert
931 2455 1059 2518 Tarmia
1081 2476 1142 2519 uon
1164 2455 1234 2518 clera
1249 2453 1381 2519 Klosicr
1403 2456 1711 2522 rtur-aclarreretattea
1734 2459 1817 2522 sind.

277 2564 315 2644 2)
339 2562 402 2627 Die
433 2562 541 2626 beiden
566 2561 752 2626 Genonaterr
781 2563 882 2626 buben
911 2562 979 2625 dem
1004 2561 1137 2626 Kloster
1160 2561 1321 2626 Meerlrolr
1343 2567 1387 2626 20
1411 2563 1511 2627 Mori
1538 2564 1679 2629 kblnisclr
1702 2587 1818 2629 nasara-

276 2670 397 2734 rolrlrn.
445 2671 481 2750 3)
506 2667 569 2732 Die
593 2669 700 2732 beiden
720 2667 853 2733 Kldster
875 2669 976 2733 bobert
998 2668 1101 2749 (lusoir
1124 2669 1188 2750 anf
1209 2669 1270 2733 ulle
1285 2669 1474 2751 Aaspriichc
1497 2671 1561 2752 urrf
1580 2672 1641 2736 den
1655 2672 1817 2738 nsacrdass

277 2776 429 2854 Arcadia,
453 2775 504 2839 (lie
526 2778 572 2838 sic
594 2774 653 2855 filr
675 2776 735 2838 (len
759 2774 1007 2840 Kloaterbruder
1029 2774 1179 2840 Lambere}
1202 2779 1236 2839 iu
1251 2777 1375 2840 Sernota
1398 2778 1464 2842 tend
1486 2779 1537 2842 die
1552 2778 1665 2844 Nonne
1681 2779 1817 2864 Hedror'p

278 2887 311 2946 in
334 2883 504 2960 Meerlrolr,
529 2882 615 2946 bride
637 2881 765 2946 Kirnler
787 2883 940 2959 Arnolda
965 2883 1097 2947 erboben
1123 2882 1233 2960 haben,
1258 2903 1299 2946 aa
1326 2884 1508 2948 ceraiclrten.
1555 2884 1605 2948 Es
1628 2888 1746 2970 saepem
1767 2888 1818 2952 die

276 2990 522 3055 Sebiedsricbter
552 2989 619 3053 rard
648 2989 699 3053 die
728 2991 836 3053 beiden
859 2987 1000 3053 Kilistrr.
1056 2995 1144 3053 1308
1171 2989 1253 3053 Jrnn
1282 2994 1334 3054 15.
1388 2989 1542 3074 (sabbato
1574 2998 1649 3072 post
1679 3000 1816 3059 octavas

278 3096 533 3179 penthecostes.)

378 3237 424 3292 Or.
438 3237 527 3305 Ppnrt.
541 3237 590 3290 ruit
615 3236 668 3290 dea
686 3236 886 3305 onbdnqmdcn
903 3239 920 3288 4
941 3235 1055 3306 Siepeln.
1095 3236 1264 3304 Fronlsuri,
1283 3238 1386 3292 Archiv
1407 3239 1456 3292 der
1475 3239 1640 3294 Fretbcrrcn
1660 3257 1711 3294 con
1731 3241 1816 3296 Hole-

426 3327 538 3381 lmuacn.

375 3414 475 3468 Greia:
493 3415 612 3484 Reimcr,
631 3415 674 3484 II,
695 3417 729 3468 74
746 3415 818 3468 uncle
835 3415 893 3468 dem
916 3414 962 3469 Or.
984 3456 989 3466 .

149 3740 251 3818 906.
275 3747 422 3832 Hedera,
446 3747 497 3812 dte
518 3747 639 3812 Witwc
661 3746 832 3812 Friedrich
855 3747 1075 3826 KarbillrartS,
1099 3747 1225 3814 schenkl
1249 3749 1300 3812 abr
1322 3748 1458 3813 ehenrals
1481 3750 1549 3815 dem
1574 3748 1700 3815 Biirlrer
1722 3750 1813 3817 War-

276 3857 351 3920 mud
376 3856 551 3940 generique,
575 3856 671 3920 aeden
694 3856 793 3920 clarem
816 3855 998 3921 Wobataas
1021 3856 1090 3920 dem
1114 3856 1322 3940 Arnabargcr
1345 3856 1419 3936 Hos
1440 3859 1474 3920 in
1495 3855 1681 3939 Fruabfrtrt
1702 3881 1815 3944 gepen-

275 3963 352 4027 iiber
376 3962 536 4051 pelopenes
559 3962 655 4026 Heus
678 3963 748 4026 dem
771 3960 904 4026 Klostcr
926 3962 1099 4047 Arnsburg
1122 3963 1189 4027 und
1212 3963 1377 4046 ernpfdupt
1399 3983 1431 4028 es
1454 3985 1553 4048 pepon
1575 3968 1664 4029 einen
1686 3965 1814 4031 Worlrs·

273 4073 344 4134 ains
365 4091 408 4133 aa
431 4069 722 4154 {cummunionem
746 4068 857 4134 Bestia
879 4069 1008 4133 curticlo.
1056 4075 1145 4134 1308
1167 4069 1240 4134 Jatt
1264 4075 1316 4134 13.

266 4211 338 4294 Ego
353 4210 554 4294 Hedewigis,
571 4209 688 4276 relicta
708 4212 869 4291 qnondam
886 4210 1056 4276 Frederici
1072 4210 1151 4276 dicti
1163 4210 1368 4292 Kachilhart,
1386 4210 1468 4278 civis
1480 4211 1813 4282 Frankenlordensis.

149 4321 288 4386 Tenere
311 4315 543 4400 preilsentium
566 4336 765 4400 recognosco
790 4315 919 4399 publice
943 4318 1136 4399 profitendo,
1162 4319 1248 4398 qnod
1268 4337 1378 4384 coram
1397 4371 1403 4382 .
1423 4370 1430 4383 .
1447 4318 1589 4385 sculteto
1605 4326 1640 4388 et
1657 4372 1662 4384 .
1682 4373 1689 4386 .
1707 4322 1814 4388 scabi-

148 4427 205 4493 nis
231 4422 602 4490 Frankeniordensibns
632 4422 846 4497 constilltuta
875 4443 958 4490 sana
989 4423 1232 4491 deliberacione
1257 4424 1431 4507 prehabito
1454 4445 1495 4491 ex
1518 4424 1677 4492 instinctu
1701 4426 1812 4494 divino

148 4535 195 4599 ob
221 4550 315 4611 spem
338 4529 448 4596 divine
471 4528 744 4596 remunerationis
768 4537 802 4596 et
826 4549 884 4611 pro
902 4529 928 4601 li
946 4531 1053 4596 salute
1077 4529 1183 4596 anime
1207 4550 1276 4596 mee
1300 4533 1428 4597 domum
1451 4551 1556 4598 meam
1580 4552 1639 4615 per
1661 4553 1711 4599 me
1728 4553 1814 4600 com·

148 4644 321 4724 paratam,
346 4656 408 4718 que
424 4638 587 4718 quondam
602 4633 667 4702 init
678 4635 846 4704 Wasmddi
862 4636 1006 4719 pistoris,
1031 4636 1115 4704 civis
1131 4635 1462 4720 Frankeniordensis
1488 4639 1597 4705 domui
1612 4658 1691 4721 mee,
1715 4660 1812 4722 quam

146 4764 243 4813 nunc
265 4742 425 4824 inhabito,
451 4742 648 4826 contiguam,
673 4741 772 4808 sitam
794 4742 828 4808 in
852 4763 953 4810 cornu
977 4764 1017 4810 ex
1041 4743 1194 4826 oposito·
1219 4743 1308 4811 curie
1332 4743 1524 4811 monasterii
1547 4748 1587 4810 de
1609 4746 1811 4831 Arnesburg,

148 4849 281 4920 ordinis
304 4848 544 4930 CisterciensiS,
569 4867 642 4915 cnm
668 4849 817 4916 omnibus
841 4849 909 4916 suis
933 4849 1119 4916 attinentiis
1142 4849 1263 4934 legavi,
1289 4850 1413 4917 tradidi
1435 4858 1469 4917 et
1493 4851 1612 4918 donavi
1636 4852 1812 4920 donatione

146 4956 371 5038 interrivos
395 4956 479 5040 lego,
505 4959 601 5022 trado
625 4963 659 5022 et
682 4958 766 5023 dono
789 4956 913 5024 litteras
936 4977 996 5039 per
1018 4964 1190 5038 presentes
1212 4956 1375 5041 religiosis
1395 4957 1476 5025 viris
1500 4957 1628 5024 domino
1647 5010 1653 5023 .
1673 5009 1679 5023 .
1698 4958 1813 5026 abbati

147 5073 213 5132 et.
235 5062 437 5130 conventui
459 5061 652 5129 monasterii
666 5064 861 5147 Arnesburg
883 5063 1067 5145 supradicti
1089 5062 1258 5146 perpetuis
1282 5063 1483 5146 temporibus
1507 5083 1579 5130 cum
1603 5064 1690 5131 omni
1713 5084 1811 5132 onere

144 5180 258 5254 atque
279 5166 379 5252 iure,l
401 5169 488 5236 sicut
506 5172 643 5236 eandem
659 5171 787 5237 domum
803 5178 837 5237 et
853 5170 1031 5237 attinentia
1047 5169 1139 5237 tenni
1155 5177 1189 5236 et
1205 5170 1345 5252 possedi,
1369 5170 1553 5237 liberaliter
1568 5171 1809 5253 possidendam.

146 5281 371 5360 Recognosce
400 5276 545 5358 insuper,
577 5279 663 5356 quod
694 5274 817 5358 prelati
839 5329 845 5342 .
865 5327 871 5342 .
893 5279 998 5343 abbas
1028 5283 1061 5343 et
1079 5329 1085 5341 .
1106 5329 1112 5341 .
1131 5283 1313 5343 conventus
1343 5277 1440 5342 michi
1470 5276 1652 5358 predictam
1683 5280 1811 5344 domum

146 5404 229 5453 cum
253 5382 324 5450 suis
346 5381 559 5466 pertinenciis
583 5390 854 5450 reconoesserunt
877 5391 911 5449 et
934 5383 1166 5450 relocaverunt
1189 5386 1231 5450 ad
1247 5383 1315 5451 vite
1331 5402 1401 5449 mee
1417 5390 1566 5464 tempora
1581 5383 1811 5464 possidendam

145 5511 214 5575 pro
247 5488 383 5556 dimidia
412 5489 500 5556 libra
522 5509 597 5556 cere
620 5490 812 5572 supradicto
843 5489 1043 5575 monasterio
1065 5489 1100 5555 in
1124 5488 1354 5570 purificatione
1376 5489 1482 5555 Mario
1505 5488 1645 5573 virginis
1668 5489 1810 5573 gloriose

145 5596 252 5666 annis
276 5594 415 5679 singulis
438 5595 567 5662 nomine
591 5595 692 5662 annui
715 5615 841 5678 census,
866 5598 973 5677 quoad
993 5595 1117 5677 vixero,
1142 5596 1402 5678 persolvendam,
1427 5603 1461 5661 et
1484 5614 1633 5679 cumegu
1650 5597 1810 5663 demedio

423 5795 449 5842 ι)
464 5788 512 5833 So!
538 5788 564 5842 b)
578 5793 667 5842 ,atone
681 5789 747 5832 inre·
764 5789 809 5832 mir
822 5789 928 5832 andem
944 5787 1017 5832 Tinte
1031 5788 1090 5832 tiber
1103 5788 1193 5832 Ram.
