4400 6384
374 316 418 379 96
900 313 967 365 12ὀό
987 312 1138 365 November
1157 312 1192 365 13
1211 344 1241 351 -
1267 314 1334 366 1255
1353 312 1508 366 December.

375 509 618 593 Hagenowensi
635 509 705 574 rel·
726 549 732 559 ·
746 508 1003 574 s'olumbariensi
1016 509 1158 574 sculteto
1174 528 1252 574 suas
1267 508 1405 574 iniurias
1416 515 1508 575 recto
1520 508 1639 574 iudicio
1651 518 1684 575 ot
1697 530 1757 592 per
1767 510 1888 575 iustam
1901 518 2035 575 senten-

375 614 459 680 ciam
483 622 730 697 prosequentur.
770 614 930 681 Ciuitates
954 615 1058 681 eciam
1082 615 1129 702 [et
1152 615 1286 701 oppida]
1302 615 1440 681 iniurias
1456 635 1544 696 suas,
1569 616 1598 681 si
1613 636 1675 697 que
1692 616 1774 697 ipsis
1789 616 1881 682 illata
1897 614 2032 697 luerint,

379 720 611 801 iustoiudicio,
638 720 722 786 sicut
747 720 939 803 premissum
963 728 1023 792 cst,
1049 742 1161 788 coram
1176 721 1271 787 nobis
1286 722 1340 787 vel
1355 721 1429 787 aliis
1447 730 1702 804 prosequentur:
1727 722 1777 788 ita
1794 726 1877 803 quod
1896 722 2033 803 quilibet

375 827 493 893 nobilis
516 834 549 893 et
573 847 766 908 unaqueque
790 827 909 893 civitas
933 835 967 894 et
991 828 1145 911 oppidum
1168 848 1337 893 recursum
1351 828 1475 893 habeat
1491 832 1533 893 ad
1549 829 1687 894 iudicem
1703 849 1803 894 unum
1819 832 1859 894 de
1875 828 2034 910 predictis

376 934 449 1017 plus
473 934 535 999 sibi
557 934 699 999 ricinum
724 954 783 1016 pro
807 934 876 999 suis
899 934 1026 999 iniuriis
1051 935 1295 1017 prosequendis.
1333 934 1367 1000 Si
1391 941 1502 1000 autem
1525 935 1679 1001 civitates
1702 943 1735 1001 et
1761 936 1882 1017 oppida
1898 942 2035 1017 propter

376 1040 614 1123 negligenciam
637 1040 753 1107 iudicis
777 1061 842 1106 non
875 1050 1029 1123 poterunt
1060 1042 1214 1107 iudicium
1244 1050 1277 1107 ct
1308 1041 1472 1107 iusticiam
1503 1042 1662 1119 obtinere,
1693 1049 1812 1109 extunc
1844 1043 1972 1108 nobiles
2002 1051 2035 1107 et.

376 1146 530 1213 civitates
555 1154 690 1229 propter
714 1148 979 1214 observacionem
1005 1149 1095 1230 pacis
1120 1148 1227 1214 iurate
1251 1148 1331 1213 totis
1354 1147 1480 1213 uiribus
1503 1168 1614 1215 eorum
1638 1148 1784 1215 collectis
1808 1156 1926 1215 contra
1945 1149 2033 1214 iham

377 1252 603 1319 iniuriatorem
628 1257 807 1335 procedent
829 1255 1002 1334 hostiliter,
1028 1276 1087 1321 nec
1111 1276 1151 1320 ex
1176 1276 1213 1320 eo
1238 1276 1304 1337 pax
1329 1255 1516 1320 censebitur
1540 1254 1673 1321 violata.
1720 1256 1755 1321 Si
1776 1276 1855 1321 rero
1879 1255 2034 1321 ciuitates

376 1360 429 1425 vel
453 1360 573 1442 oppida
598 1360 717 1442 aliqua,
743 1361 869 1426 nobiles
893 1362 946 1428 vel
969 1362 1152 1443 quicunque
1175 1362 1233 1427 alii
1256 1382 1370 1444 pacem
1392 1362 1588 1427 violaverint
1612 1362 1646 1427 in
1669 1362 1778 1443 ahquo
1802 1363 2032 1444 predictomm.

377 1468 437 1531 sub
462 1468 597 1532 obtentu
621 1467 732 1549 grume
756 1476 869 1533 nostre
895 1468 1135 1535 districtissime
1159 1469 1367 1551 precipimus,
1392 1470 1434 1533 ab
1454 1468 1602 1533 omnibus
1619 1469 1711 1551 pacis
1724 1468 1837 1535 ledere
1853 1469 2035 1535 coniuratis

379 1572 512 1653 procedi
542 1572 707 1639 hostiliter
737 1580 852 1640 contra
882 1574 965 1642 illos.
999 1581 1035 1639 ut
1067 1574 1114 1639 sic
1145 1596 1211 1657 pax
1234 1574 1416 1640 omnimodo
1442 1573 1639 1641 reformetur
1669 1582 1703 1641 et
1731 1575 1957 1658 inposterum
1987 1575 2036 1640 in-

379 1698 539 1745 concussa
556 1687 747 1761 permaneat
762 1687 796 1744 et
813 1679 915 1746 illesa.
942 1682 989 1747 t't
1005 1690 1114 1746 autem
1132 1682 1192 1746 hec
1208 1681 1354 1747 salubria
1371 1688 1405 1746 et
1419 1680 1508 1746 iusta
1524 1691 1640 1747 nostra
1655 1690 1783 1747 statuta
1798 1689 1876 1747 rata
1892 1688 1925 1747 et
1941 1682 2034 1747 firma

378 1792 592 1866 permaneant
625 1792 658 1850 et
692 1787 733 1851 ab
766 1787 915 1852 omnibus
937 1787 1172 1853 inviolahihter
1204 1789 1430 1856 observentur.
1466 1788 1527 1852 has
1561 1788 1692 1854 litteras
1726 1788 1831 1880 regie—
1850 1787 2036 1882 maiestatis

378 1889 485 1973 sigillo
515 1890 665 1957 duximus
694 1894 907 1958 roborandas.
960 1896 1195 1993 Actumaapud
1227 1893 1440 1975 Oppenheim,
1473 1914 1559 1960 anno
1590 1894 1710 1960 domini
1732 1888 1776 1960 h.
1802 1887 1864 1961 (Ὃ.
1888 1895 1971 1973 LV„
2002 1894 2035 1959 in

380 1996 496 2079 uigilia
526 1998 618 2063 beati
646 1999 791 2076 Martini,
826 2000 1002 2065 indictione
1034 2000 1149 2065 XIIII.

591 2130 752 2197 Gedr.:B.,
772 2135 805 2185 95
825 2134 971 2187 undidem
993 2132 1038 2187 Or.
1054 2134 1140 2201 Ppmt.
1161 2134 1198 2185 ira
1218 2133 1257 2187 St.
1271 2134 1305 2186 A.
1324 2132 1442 2185 Worrua.
1478 2133 1550 2185 Jerzr
1567 2133 1642 2202 pcdr.
1663 2134 1732 2188 aacb
1750 2134 1803 2186 den
1823 2132 1869 2187 Or.
1883 2133 1973 2203 Ppart.
1999 2134 2035 2187 im

644 2220 683 2274 st.
698 2222 733 2275 A.
748 2222 832 2289 Kato,
851 2222 887 2275 im
903 2222 1096 2276 Rcichsarchic
1114 2240 1148 2275 ru
1167 2224 1301 2276 standan
1316 2225 1347 2285 (2
1363 2222 1423 2286 Or.)
1437 2221 1495 2274 crud
1509 2222 1544 2273 hu
1558 2221 1597 2275 St.
1611 2223 1645 2275 A.
1665 2222 1789 2275 Worms:
1807 2222 1883 2275 Mon.
1896 2223 1986 2277 Gerar.
1998 2224 2035 2276 4⁰.

652 2310 873 2378 Constitutiaaes,
891 2311 935 2377 ΙΙ,
954 2315 1014 2365 477.
1053 2312 1125 2364 Hier
1143 2312 1251 2364 darrach
1271 2310 1431 2363 adalerholt.

596 2399 688 2451 Vera:
707 2400 801 2466 Bell,
821 2400 874 2453 Na.
889 2403 960 2452 5282

379 2574 471 2651 199.
497 2586 655 2665 Gerhard,
682 2587 797 2668 Propsl
822 2592 853 2651 ia
878 2586 1071 2670 Frauhfurt,
1105 2590 1265 2671 liberrimi
1288 2588 1356 2652 ciam
1380 2590 1522 2671 ‹torripm
1546 2590 1755 2669 Sliflscupilcl
1783 2588 1833 2651 (tie
1862 2611 1903 2652 zu
1934 2593 2035 2652 scater

496 2692 640 2773 Propalai
661 2694 807 2777 paladrlyc
823 2693 957 2775 Kapcllc
977 2718 1018 2759 au
1039 2695 1250 2764 Italorum.
1277 2717 1327 2757 ura
1345 2718 1405 2758 urm
1421 2696 1513 2759 deren
1531 2694 1729 2775 Einlr'iuflca
1745 2697 1796 2758 ‹tu›
1811 2696 1938 2758 Acrulcr
1953 2700 2035 2758 ciues

496 2802 691 2865 b'clrolaslers
715 2802 780 2865 arui
804 2806 887 2866 ciues
912 2800 1047 2865 l'unlars
1070 2823 1111 2864 au
1134 2802 1266 2880 aarum,
1290 2802 1383 2865 deren
1408 2801 1588 2885 Bcsclzuap
1614 2802 1682 2865 dem
1701 2802 1879 2885 jcuur'h'pcu
1905 2802 2035 2882 Prcmstc

494 2909 642 2971 crustulum
665 2910 734 2972 soll.
782 2914 867 2973 1255
893 2908 1067 2972 November·
1091 2914 1143 2973 13.

487 3049 527 3115 G.
552 3048 605 3114 dei
635 3050 745 3133 gratia
775 3051 961 3132 prepositus
991 3050 1025 3115 in
1048 3048 1284 3115 Frankenlorl.
1331 3050 1491 3115 Norerint
1519 3048 1675 3128 universi,
1702 3050 1787 3129 qaod
1819 3050 1979 3130 capeham
2001 3049 2033 3113 in

382 3154 641 3237 hechenheim),
667 3157 759 3222 cuius
790 3157 931 3237 collatio,
956 3156 1132 3237 institutio,
1164 3176 1222 3221 seu
1253 3157 1456 3238 presentatio
1480 3156 1608 3221 ratione
1639 3154 1726 3221 dicte
1757 3154 1965 3237 prepositure
1993 3158 2032 3221 ad

381 3278 440 3325 uos
465 3261 652 3342 pertinere⁸
674 3262 894 3345 dinosllcitur‚
921 3264 1096 3328 accedente
1123 3282 1282 3328 consensu
1308 3262 1505 3328 venerabilis
1527 3261 1647 3327 domini
1672 3282 1711 3327 ac
1736 3262 1840 3343 patris
1863 3262 1971 3327 nostri
1993 3262 2031 3327 G.

380 3366 618 3450 archiepiscopi
647 3376 681 3435 et
709 3369 845 3450 capituli
867 3368 1053 3453 Mogrrntiui
1071 3370 1095 3440 ll
1114 3369 1250 3434 ecclesie
1280 3368 1371 3434 beati
1397 3368 1620 3442 Bartholomei
1650 3368 1683 3433 in
1707 3363 1934 3433 Frankenfort
1965 3388 2033 3433 cum

380 3473 466 3538 omni
488 3472 593 3555 iure,b
618 3478 703 3555 quod
725 3476 760 3541 in
783 3475 856 3557 ipsa
880 3476 1007 3557 capella
1031 3476 1197 3541 hahemus.
1222 3476 1323 3540 libere
1348 3473 1545 3540 conferimus
1562 3480 1698 3556 propter
1713 3476 1808 3539 deum
1823 3476 1864 3539 ad
1881 3476 2033 3539 honorem

380 3580 489 3645 sancti
510 3582 741 3663 Bartholomei‚
768 3590 914 3648 nostram
938 3589 1175 3664 parentumque
1200 3589 1386 3646 nostrornm
1409 3580 1597 3645 memoriam
1621 3587 1780 3661 perpetuo
1803 3583 2030 3663 peragendam.

381 3686 435 3751 Ita
459 3694 578 3769 tamen,
609 3696 646 3753 ut
670 3692 733 3754 duo
766 3697 918 3754 creentur
941 3688 1046 3754 officia
1070 3692 1112 3754 ad
1137 3688 1280 3753 divinum
1309 3687 1431 3752 cultum
1455 3686 1653 3768 necessaria,
1686 3686 1861 3752 scolastria
1883 3687 2031 3752 videlicet

381 3799 415 3857 et
438 3794 597 3875 cantoria,
624 3802 661 3860 ut
684 3795 717 3860 in
742 3795 815 3862 aliis
839 3794 985 3861 ecclesiis
1009 3795 1124 3861 haberi
1149 3795 1242 3868 solet,
1268 3794 1386 3875 quibus
1401 3801 1582 3876 proventus
1599 3793 1787 3875 supradicte
1804 3793 1939 3874 capelle,
1965 3814 2031 3859 curn

381 3898 518 3980 primum
548 3900 654 3983 ipsam
685 3923 806 3969 vacare
837 3902 1022 3985 contigerit.
1055 3908 1214 3984 perpetuo
1245 3904 1386 3966 debeant
1420 3900 1596 3967 deservire.
1644 3900 1716 3965 Hoc
1746 3899 1873 3965 eciam⁶
1896 3899 2031 3968 adiecto.

382 4010 465 4085 quod
490 4010 533 4071 ad
557 4009 757 4090 prepositum
773 4008 846 4089 loci,
869 4009 927 4102 qui
943 4029 1002 4099 pro
1020 4015 1165 4090 tempore
1183 4007 1293 4088 luerit,
1319 4008 1494 4074 officiorum
1510 4006 1642 4073 collatio
1658 4006 1825 4088 pertineat
1840 4009 2032 4073 eommdem.

382 4114 501 4177 Actum
525 4134 610 4179 anno
634 4115 755 4180 domini
773 4096 817 4181 hi.
843 4107 903 4182 pp,
929 4096 1011 4196 Lu,
1035 4115 1109 4181 idus
1132 4115 1308 4182 novenbris
1319 4117 1367 4199 qu.

597 4246 643 4300 Or.
657 4247 745 4316 Ppmt.
774 4248 823 4300 mit
851 4248 1052 4317 abbc'r'apeadem
1081 4248 1267 4317 bescbcidiptea
1295 4247 1390 4317 Sicpcl.
1429 4248 1468 4301 St.
1483 4248 1516 4299 A.
1531 4248 1581 4300 Fr.
1608 4246 1706 4299 Barth.
1720 4245 1770 4313 St,
1795 4246 1848 4299 Na.
1861 4248 1942 4299 2755.
1977 4246 2034 4299 Der

649 4336 745 4389 Druck
763 4337 805 4389 bei
824 4338 867 4404 B.,
886 4340 921 4389 96
946 4338 1041 4389 beruht
1067 4335 1124 4400 aas
1144 4337 1229 4389 durent
1253 4337 1381 4401 anderen,
1409 4354 1432 4389 a.
1448 4338 1479 4389 Z.
1507 4337 1580 4390 nicht
1605 4336 1802 4402 arasptudbarca
1822 4334 1959 4404 Odpiual,
1984 4351 2033 4387 aaa

648 4425 706 4477 clem
725 4426 784 4478 aiae
800 4440 945 4493 arapenaue
963 4423 1047 4493 Copia
1065 4426 1111 4478 dee
1131 4430 1172 4479 16.
1186 4426 1283 4479 Jahrb.
1304 4426 1415 4489 (Barth.
1431 4426 1479 4494 Sa,
1500 4426 1552 4479 No.
1565 4428 1630 4489 ¹285)
1650 4424 1809 4478 vorboadea
1826 4424 1870 4477 ist.

594 4514 755 4568 Aruserdem
783 4515 874 4583 peda:
907 4514 1084 4581 Wiirdluciu,
1114 4515 1436 4584 Dioc..uap.,11,asr.
1481 4515 1598 4581 Reiurer,
1618 4514 1642 4579 1,
1660 4517 1715 4566 228
1742 4514 1812 4567 rracb
1838 4512 1937 4565 diesem
1963 4511 2031 4567 Or..

653 4604 713 4673 th.
732 4605 858 4671 Lersuar,
878 4603 898 4655 Ι
906 4600 931 4669 Ῑ),
953 4608 1010 4657 105.

599 4692 691 4745 Vera:
715 4692 788 4757 u'ut,
808 4693 913 4745 hlaine.
930 4692 1005 4762 Κεφ,
1027 4694 1156 4759 XXXV,
1178 4694 1230 4747 No.
1245 4698 1304 4746 146.

381 4869 473 4945 200.
497 4879 560 4943 Du
584 4880 675 4944 stau
701 4881 835 4944 llidrlar
859 4882 1017 4949 harundel,
1048 4882 1126 4945 dass
1155 4884 1212 4944 uer
1234 4882 1355 4965 ‹lortipc
1383 4882 1509 4964 Iltirpcr
1535 4881 1679 4945 llarlrad
1703 4880 1801 4943 Blr'do
1834 4880 1898 4943 urard
1927 4880 2031 4942 desso

500 4986 589 5049 Fruu
614 4986 777 5051 Elisabeth
805 4988 870 5050 ihre
896 4987 995 5050 Ge'ilcr
1019 4992 1050 5051 iu
1074 4989 1131 5052 uer
1147 4990 1237 5052 stau
1265 4989 1398 5052 llilslur
1423 4990 1487 5051 carrd
1512 4992 1545 5050 iu
1561 4987 1774 5072 Laupcapiias
1797 4988 1866 5050 dem
1882 4986 2032 5050 Deulsch·

498 5094 594 5156 ordea
616 5116 657 5156 eu
681 5095 939 5158 s'uelmorunuua
964 5096 1043 5158 mah
1070 5096 1166 5160 ilerum
1197 5097 1278 5160 Tude
1307 5096 1470 5180 pesclrcull
1499 5096 1563 5158 rcrrd
1587 5097 1635 5157 his
1657 5096 1757 5158 ultricia
1780 5095 1839 5175 fiir·
1861 5096 1927 5157 cirre
1943 5093 2032 5171 filiu·-

498 5201 576 5264 Ir'chc
591 5200 797 5284 Rccopru'tiou
819 5222 862 5265 ure
883 5202 945 5265 clus·
964 5203 1170 5268 thrlcushaus
1193 5208 1225 5266 ia
1245 5204 1345 5268 Pucht
1370 5204 1586 5266 rilreruoauuca
1609 5204 1718 5266 luthera
1757 5206 1842 5264 1255
1858 5199 2030 5263 December.

489 5345 634 5425 matoes,
660 5344 787 5410 scabini
813 5350 846 5409 et
870 5344 1015 5410 universi
1035 5344 1123 5411 cives
1135 5346 1177 5409 W
1179 5344 1393 5424 etflarienses,
1411 5342 1559 5409 omnihus
1575 5341 1608 5406 in
1628 5348 1830 5423 perpetuum.
1867 5340 2030 5425 Quoniam,

383 5472 444 5531 que
467 5451 501 5516 in
525 5459 671 5533 tempore
699 5450 863 5535 agiturd),
895 5449 928 5515 in
960 5451 1133 5517 oblivionis
1163 5449 1369 5533 precipitium
1401 5449 1508 5516 subito
1539 5448 1671 5516 labitur,
1699 5447 1722 5518 ll
1747 5453 1878 5513 cautum
1909 5456 1968 5524 est,
1997 5454 2031 5510 ut

384 5566 478 5624 actus
502 5559 699 5640 temporales
723 5559 909 5623 litterarum
933 5557 1081 5640 apicibus
1106 5560 1359 5640 perhennentur.
1394 5557 1556 5623 Noreriut
1578 5554 1680 5638 igitur
1704 5563 1772 5620 tam
1796 5574 1930 5636 presens
1953 5560 2029 5627 etus.

649 5779 675 5813 a)
691 5768 793 5820 Vorlupc
806 5768 858 5811 B.'s
872 5772 1016 5823 „speclnre“.
1046 5770 1068 5813 hl
1085 5769 1166 5819 „turia
1194 5778 1215 5816 c)
1230 5767 1305 5809 Facu
1318 5768 1355 5809 oet
1370 5768 1398 5809 B.
