4400 6384
396 307 461 374 304
1120 309 1190 362 1292
1208 307 1267 364 Jull
1286 309 1328 362 10.

507 483 545 570 ll.
593 505 677 570 Item
701 504 862 570 Rodollus
893 507 932 570 de
958 505 1177 572 Sassiubuseu
1206 505 1303 572 testis
1333 506 1462 572 iuratus
1490 513 1523 572 et
1547 514 1684 591 rogatus
1707 527 1806 590 super
1829 505 1938 572 omnia
1961 512 1996 572 et
2017 505 2050 569 iu

395 611 544 677 omnibus
575 614 615 676 de
642 611 745 693 primo
770 611 909 679 articulo
933 616 1113 679 concordat
1136 633 1209 680 cum
1232 613 1401 695 premissis
1424 613 1492 680 suis
1515 614 1729 681 contestibus.
1777 616 1930 698 Rogatus
1952 633 2050 694 super

395 720 536 785 secundo
562 717 700 784 articulo
725 719 813 800 dicit,
839 723 923 800 quod
948 719 1036 787 aliud
1060 720 1174 801 nescit,
1200 719 1264 786 nisi
1286 723 1372 802 quod
1388 720 1511 787 iratres
1527 725 1643 789 domus
1658 721 1859 788 Theutonioe
1874 721 1909 786 iu
1923 719 2050 786 Sassin-

395 826 498 890 busen
530 827 657 892 solvere
688 828 809 892 debent
832 827 968 894 ecclesie
992 827 1306 894 Frankenvordeusi
1329 827 1488 894 decimam
1511 834 1545 895 et
1567 848 1687 896 nonam
1710 832 1751 896 de
1775 829 1843 896 suis
1866 827 2047 908 novalibus,

395 951 442 1012 eo,
468 934 553 1013 quod
578 932 644 999 sita
667 941 744 1000 sunt
766 933 800 999 in
824 934 982 1017 terminia,
1008 933 1063 1016 qui
1087 935 1220 1003 solvunt
1242 935 1401 1002 decimam
1422 934 1513 1001 inlra
1536 945 1570 1002 et
1593 956 1695 1018 supra
1717 935 1854 1003 ecclesie
1874 934 2047 1000 antedicte.

394 1041 467 1105 Non
502 1047 553 1105 est
586 1040 765 1106 collocutus
797 1047 858 1106 etc.
916 1043 999 1108 Item
1032 1041 1173 1124 predicti
1204 1044 1267 1108 duo
1300 1048 1404 1108 testes
1436 1042 1586 1124 requisiti
1617 1046 1657 1109 de
1688 1043 1759 1108 iure
1792 1041 1915 1109 domiui
1946 1041 2048 1108 nostri

395 1146 633 1229 archiepiscopi
657 1147 843 1231 bloguutini
865 1148 1030 1232 ignorant.

500 1251 557 1337 til.
606 1273 689 1338 Item
720 1273 878 1356 magister
902 1273 1087 1340 Hetzevore
1119 1278 1160 1340 de
1186 1273 1403 1340 Sassinhusen
1435 1273 1530 1340 testis
1561 1273 1691 1340 iuratus
1720 1280 1754 1339 et
1783 1280 1922 1357 rogatus
1952 1293 2048 1355 super

394 1377 497 1459 primo
529 1379 668 1445 articulo
692 1379 726 1446 in
750 1380 899 1446 omuibus
923 1386 956 1445 et
981 1401 1039 1462 per
1063 1381 1172 1447 omnia
1195 1382 1374 1447 concordat
1398 1400 1471 1446 cum
1494 1380 1562 1446 suis
1586 1380 1790 1446 contestibus
1813 1379 2047 1462 suprascriptis

394 1491 427 1550 et
451 1485 552 1566 addit,
577 1487 663 1567 quod
687 1485 720 1551 in
744 1493 815 1552 toto
838 1506 952 1568 campo
976 1487 1009 1552 in
1034 1487 1183 1552 terminis
1204 1487 1422 1553 Sassinhuseu
1445 1508 1510 1553 non
1534 1494 1586 1553 est
1602 1486 1720 1568 aliquis
1736 1507 1826 1570 ager,
1851 1487 1905 1553 vel
1920 1487 2044 1564 novale,

394 1591 457 1657 nisi
486 1594 595 1659 solvat
626 1593 783 1658 decimam
814 1593 951 1659 ecclesie
982 1593 1181 1675 supradicte.
1229 1593 1380 1676 Rogatus
1410 1597 1450 1659 de
1479 1597 1621 1660 secundo
1646 1593 1795 1673 articulo,
1821 1592 1909 1658 aliud
1934 1593 2044 1672 nescit,

395 1698 457 1764 nisi
488 1703 572 1780 quod
603 1703 642 1766 de
673 1699 737 1764 illis
768 1699 939 1766 novalibus
966 1697 1109 1766 fratrum
1133 1700 1216 1766 solvi
1239 1703 1337 1766 debet
1360 1699 1487 1767 decima
1509 1699 1595 1766 sicut
1618 1703 1659 1765 de
1682 1699 1756 1766 aliis
1779 1700 1953 1766 novalibus
1977 1699 2046 1765 sitis

393 1805 426 1870 iu
451 1806 598 1872 terminis
622 1806 866 1888 suprascriptis
915 1809 1019 1890 Super
1042 1807 1113 1873 iure
1136 1807 1257 1873 domini
1281 1807 1387 1873 nostri
1409 1807 1648 1890 archiepiscopi
1670 1807 1857 1890 Moguutini
1871 1809 2045 1872 concordat

394 1931 466 1977 cum
490 1912 658 1994 premissis
682 1914 831 1980 testibus
880 1915 951 1980 Non
976 1922 1027 1980 est
1050 1915 1231 1981 collocutus
1255 1923 1317 1981 etc.

501 2018 575 2103 VlI.
623 2039 707 2104 Item
723 2039 889 2105 Arnoldus
912 2040 951 2105 de
969 2041 1150 2123 Glouburg,
1175 2040 1329 2107 scabinus
1353 2038 1692 2120 Frankenvordeusis,
1717 2039 1846 2105 iuratus
1862 2045 1896 2104 et
1913 2044 2044 2120 rogatus

395 2164 494 2226 super
518 2144 667 2210 omnibus
691 2145 840 2211 articulis
864 2145 952 2226 dicit,
978 2145 1040 2211 sibi
1065 2145 1164 2212 nichil
1186 2153 1349 2213 constare.

501 2249 594 2334 viil.
642 2271 726 2336 Item
757 2271 966 2336 Hermannus
995 2275 1036 2337 de
1067 2271 1247 2354 Grindalre,
1279 2271 1361 2338 civis
1390 2272 1424 2338 iu
1448 2273 1698 2350 Frankenvord,
1732 2269 1827 2336 testis
1856 2268 1986 2334 iuratus
2013 2274 2043 2332 et

393 2382 530 2458 rogatus
565 2396 663 2458 super
696 2377 798 2459 prImo
832 2377 970 2443 articulo
1002 2381 1181 2444 concordat
1211 2399 1284 2444 cum
1315 2381 1464 2445 Conrado
1488 2379 1673 2460 Webelino,
1705 2379 1905 2444 Delemanno
1936 2375 2041 2451 milite,

394 2482 575 2550 Hartmodo
606 2483 717 2564 milite,
743 2483 883 2550 Rodollo
915 2491 948 2550 et
978 2484 1138 2568 magistro
1161 2487 1357 2566 Hetzorore,
1383 2485 1451 2551 suis
1478 2486 1691 2553 contestibus.
1739 2487 1824 2550 Item
1847 2489 1986 2566 rogatus
2006 2485 2040 2546 de

394 2592 535 2655 secundo
560 2590 698 2656 articulo
723 2597 757 2656 et
780 2594 820 2656 de
842 2591 913 2656 iure
934 2591 1053 2657 domini
1071 2591 1176 2658 nostri
1191 2591 1438 2674 aielriepiscopi,
1464 2591 1564 2659 nichil
1580 2593 1652 2658 scit.
1700 2594 1773 2658 Non
1790 2598 1841 2657 est
1857 2589 2039 2656 collocutus,

394 2716 453 2760 uec
477 2699 675 2762 subornatus
700 2704 761 2763 etc.

500 2794 561 2877 IX.
608 2814 693 2878 Item
724 2813 945 2880 Theodericus
978 2817 1018 2879 de
1050 2815 1268 2881 Sassinbusen
1299 2815 1395 2882 testis
1425 2814 1554 2881 iuratus
1585 2823 1618 2881 et
1648 2823 1785 2898 rogatus
1816 2833 1915 2895 super
1945 2811 2039 2894 primo

394 2917 532 2984 articulo
558 2923 735 2986 concordat
760 2941 818 3003 per
834 2921 951 3002 omnia,
977 2929 1113 3004 excepto
1130 2922 1275 2989 Arnoldo
1292 2925 1332 2988 de
1349 2923 1529 3006 Glouburg,
1555 2943 1627 2988 cum
1644 2922 1785 2988 testibus
1801 2917 2037 3002 suprascriptis.

393 3025 544 3109 Rogatus
574 3045 673 3108 super
703 3030 844 3093 secundo
876 3027 1014 3094 articulo
1046 3027 1146 3094 nichil
1175 3029 1247 3111 scit,
1273 3049 1333 3095 uec
1362 3033 1402 3095 de
1431 3029 1502 3095 iure
1532 3029 1654 3095 domini
1682 3028 1787 3094 nostri
1810 3024 2039 3108 archiepiscopi

392 3131 586 3216 Mogontini.
634 3135 706 3200 Non
731 3141 782 3200 est
808 3135 987 3202 collocutus
1011 3142 1073 3201 etc.

502 3230 543 3314 Ii.
591 3251 676 3316 Item
699 3251 869 3317 Iohannes
893 3251 1001 3317 dictus
1020 3252 1184 3332 Goltsten,
1210 3252 1364 3318 scabinus
1379 3250 1719 3332 Frankenvordensis,
1745 3251 1841 3316 testis
1864 3248 1986 3316 iuratus
2007 3255 2038 3312 et

393 3364 531 3438 rogatus
554 3377 653 3439 super
677 3358 780 3439 primo
805 3358 943 3424 articulo
968 3362 1146 3425 concordat
1170 3379 1269 3440 super
1284 3360 1393 3426 omnia
1408 3368 1441 3425 et
1457 3359 1490 3424 in
1507 3359 1656 3425 omnibus
1671 3378 1744 3424 cum
1761 3357 1829 3424 suis
1845 3355 2038 3422 contestibus

393 3463 603 3544 supradietis
630 3472 767 3547 excepto
792 3465 937 3531 Arnoldo
961 3469 1001 3532 de
1026 3467 1207 3549 Glouburg,
1233 3466 1289 3547 ‹pd
1312 3465 1410 3531 nichil
1434 3466 1522 3531 dicit.
1571 3467 1653 3531 Item
1677 3467 1717 3531 de
1742 3467 1885 3530 secundo
1908 3461 2036 3528 articulo

393 3577 530 3652 rogatus
555 3570 644 3650 dicit,
670 3575 754 3652 quod
780 3570 878 3638 nichil
897 3579 1028 3638 constat
1045 3573 1085 3654 ei,
1111 3593 1170 3638 nec
1189 3575 1229 3638 de
1244 3573 1315 3639 iure
1331 3572 1452 3638 domini
1467 3572 1660 3656 lIoguutini.
1700 3574 1773 3637 Non
1789 3578 1842 3637 est
1857 3570 2034 3646 collocutus,

393 3697 453 3742 nec
478 3679 677 3744 subornatus
701 3685 763 3745 etc.

501 3774 561 3858 XI.
602 3795 686 3860 Item
700 3795 872 3878 Volradus,
890 3798 1052 3876 (ruendam
1069 3794 1227 3860 scoltetus
1243 3795 1582 3876 Frankenvordensis,
1603 3793 1700 3860 testis
1716 3794 1845 3860 iuratus
1861 3799 1895 3859 et
1910 3798 2036 3875 rogatus

392 3917 491 3978 super
519 3899 620 3980 primo
645 3900 784 3967 articulo
809 3904 987 3967 concordat
1010 3920 1069 3981 per
1093 3901 1202 3966 omnia
1225 3921 1297 3967 cum
1320 3901 1389 3967 suis
1412 3903 1616 3968 contestibus
1639 3901 1885 3984 suprascriptis,
1909 3904 2034 3979 excepto

392 4005 548 4086 Arnoldo,
573 4007 628 4086 qui
652 4007 751 4073 nichil
775 4007 864 4073 dicit.
913 4009 996 4073 Item
1021 4015 1157 4091 rogatus
1182 4011 1221 4073 de
1246 4011 1387 4074 secundo
1411 4009 1550 4074 articulo
1575 4007 1664 4090 dicit,
1689 4011 1775 4090 quod
1799 4011 1839 4073 de
1862 4006 1925 4072 illis
1939 4004 2032 4076 bouis,

392 4130 453 4191 que
484 4112 626 4178 ecclesia
656 4113 778 4180 devicit
808 4135 828 4180 a
858 4113 1020 4180 fratribus
1051 4115 1218 4197 predictis,
1244 4135 1308 4180 non
1332 4116 1438 4182 credit
1462 4115 1638 4181 scultetum
1662 4115 1808 4197 recipere
1833 4113 1959 4195 aliquid,
1982 4111 2032 4175 sed

391 4220 430 4281 de
454 4217 518 4282 illis
542 4219 723 4297 novalibus,
749 4241 811 4300 que
835 4218 959 4287 fratres
983 4229 1100 4304 postea
1124 4220 1284 4302 lecerunt,
1309 4222 1467 4288 scoltetus
1491 4221 1609 4304 recipit
1628 4221 1796 4302 decimam,
1821 4221 1957 4286 sicutde
1972 4215 2033 4282 suis

391 4323 577 4406 novalibus;
603 4330 643 4392 de
666 4327 736 4393 iure
761 4328 882 4394 domini
906 4328 1011 4394 nostri
1035 4328 1274 4411 archiepiscopi
1297 4328 1397 4394 nichil
1421 4329 1492 4397 scit.
1540 4330 1614 4395 Non
1637 4335 1688 4394 est
1711 4329 1892 4394 collocutus
1914 4332 1970 4392 etc.

501 4431 578 4515 xil.
626 4453 709 4516 Item
728 4433 799 4518 boo
824 4453 863 4518 de
883 4451 1101 4518 Sassinbusen
1126 4451 1222 4517 testis
1244 4451 1374 4517 iuratus
1397 4459 1431 4517 et
1454 4459 1591 4536 rogatus
1615 4471 1713 4534 super
1736 4451 1847 4518 omnia
1870 4450 2031 4517 concordat

394 4576 465 4621 cum
498 4557 565 4622 suis
596 4559 799 4624 contestibus
830 4559 1006 4641 premissis,
1033 4565 1170 4640 excepto
1195 4559 1350 4641 Arnoldo,
1375 4559 1431 4640 qui
1460 4559 1560 4624 nichil
1589 4559 1677 4624 dicit.
1724 4559 1810 4624 Item
1841 4564 1969 4641 rogatus
1995 4555 2030 4616 de

391 4665 533 4729 seeundo
568 4665 706 4731 articulo
740 4666 829 4746 dicit,
864 4665 926 4732 sibi
959 4665 1057 4732 nichil
1090 4674 1243 4733 constare
1273 4686 1333 4732 nec
1363 4669 1403 4733 de
1432 4665 1502 4732 iure
1534 4666 1654 4732 domini
1681 4666 1787 4732 nostri
1810 4658 2031 4745 arcbIepiscopi

391 4769 585 4853 bloguntini.
633 4773 705 4838 Non
730 4780 781 4838 est
805 4773 985 4839 collocutus
1009 4781 1071 4838 etc.

497 4867 594 4952 XIII.
643 4889 726 4953 Item
758 4889 915 4954 Albertus
946 4891 985 4954 de
1017 4891 1156 4969 (turben,
1181 4888 1358 4954 canonicus
1388 4887 1525 4954 ecclesie
1547 4887 1886 4969 Fraukenvordensis,
1916 4887 2028 4951 iuratus

390 5000 424 5058 et
453 5000 591 5076 rogatus
622 5014 720 5076 super
751 4995 854 5076 primo
886 4995 1025 5061 articulo
1056 4995 1145 5076 dicit,
1171 4998 1256 5076 quod
1290 4995 1440 5076 predicta
1469 4995 1603 5061 novalia
1632 4994 1698 5060 sita
1727 5002 1806 5059 suut
1835 4994 1869 5059 in
1898 4987 2028 5058 tenuiuis

390 5099 562 5181 parrochie
586 5101 916 5168 Frankeuvordensis
946 5108 980 5167 et
1010 5102 1119 5168 omnia
1149 5103 1236 5167 bona
1260 5122 1361 5183 supra
1384 5109 1418 5166 et
1440 5099 1530 5168 infra
1552 5101 1618 5167 sita
1642 5103 1681 5167 do
1704 5101 1775 5167 iure
1799 5098 1953 5166 communi
1973 5092 2028 5160 sol·

389 5213 472 5274 vunt
502 5207 645 5273 decimas
676 5208 812 5273 ecclesie
836 5207 1158 5287 Frankeuvordcnsi,
1183 5208 1316 5273 novalia
1346 5215 1455 5274 autem
1487 5228 1527 5274 ex
1549 5207 1728 5291 largicione
1753 5227 1867 5290 regum
1889 5215 1922 5272 et
1941 5205 2027 5283 impc-

390 5320 537 5378 ratorum
567 5334 685 5380 nonam
716 5314 779 5396 ipsi
810 5314 946 5380 ecclesie
974 5314 1115 5380 solvunt.
1162 5315 1324 5397 Rogatus,
1349 5317 1435 5380 unde
1458 5314 1553 5396 sciat,
1578 5314 1667 5393 dicit,
1693 5316 1778 5395 quod
1802 5334 1843 5380 ex
1867 5305 2027 5396 privilegiis

389 5419 625 5500 imperatorum
656 5422 717 5486 hoo
747 5430 841 5504 patet
872 5422 1049 5502 evidenter,
1076 5441 1138 5502 que
1169 5421 1296 5502 quidem
1321 5421 1495 5504 privilegia
1518 5419 1688 5502 Rodollus,
1714 5441 1800 5487 nunc
1824 5421 2025 5486 Romanomul

390 5546 457 5606 rex,
483 5527 698 5594 confirmavit.
739 5529 822 5594 Item
847 5549 946 5610 super
963 5531 1104 5593 secundo
1122 5527 1260 5593 articulo
1277 5535 1414 5611 rogatus
1430 5527 1510 5593 dicit
1526 5527 1575 5594 ita
1590 5547 1673 5610 esse,
1698 5527 1870 5610 sicutipse
1885 5521 2025 5592 articulus

389 5633 485 5714 iacet,
511 5639 545 5698 et
575 5633 664 5716 dicit,
690 5635 860 5701 ecclesiam
887 5634 988 5700 luisse
1017 5637 1059 5700 ad
1084 5633 1190 5699 miuus
1214 5637 1295 5700 duos
1319 5653 1423 5700 annos
1444 5633 1479 5699 in
1503 5634 1713 5717 perceptione
1736 5633 1840 5717 ipsius
1861 5651 1948 5708 noue,
1970 5643 2026 5706 qua

390 5740 482 5804 modo
507 5739 664 5806 scoltetus
687 5741 776 5823 ipsos
800 5741 929 5823 spoliat.
970 5743 1130 5826 Rogatus,
1156 5743 1241 5807 unde
1265 5741 1359 5824 sciat,
1384 5743 1470 5824 quod
1490 5740 1620 5822 spoliat,
1645 5741 1736 5822 dicit,
1762 5742 1847 5822 quod
1862 5731 2025 5813 nunciustll
