4400 6384
801 313 867 367 1291
889 343 920 350 —
942 312 1010 366 1292
1029 312 1151 366 Februar
1171 312 1211 366 18.
1765 314 1831 378 295

285 511 478 576 Gerhardus
509 511 561 576 dei
591 510 706 594 gracia
736 516 850 576 sancte
874 509 1067 592 Moguntine
1099 509 1186 574 sedis
1210 509 1486 590 archiepiscopus
1511 508 1599 574 sacri
1621 508 1749 590 imperii
1772 529 1831 590 per

178 616 389 683 Germaniam
406 617 726 698 archicancellarius,
744 617 862 683 dilecto
880 615 906 689 ll
922 616 956 682 in
970 616 1099 683 Christo
1119 615 1278 700 magistro
1296 615 1477 694 Dithmaro,
1503 616 1642 697 plebano
1658 615 1831 681 Franhen-

177 722 341 804 vardensi,
376 723 516 789 salutem
548 723 581 788 in
613 723 751 791 domino.
811 725 890 789 Cum
923 723 1102 806 prohibicio
1136 722 1263 804 antiqui
1286 720 1310 795 ll
1333 721 1453 788 statuti
1485 721 1614 791 concilii
1644 721 1831 804 Moguntini

177 829 341 913 generalis
366 850 425 912 per
447 850 507 896 nos
530 830 564 896 in
588 838 706 898 sancta
730 834 854 914 synodo
876 830 1046 914 bloguntie
1070 850 1175 912 nuper
1199 830 1368 896 celebrata
1390 828 1570 900 inllnovati
1591 831 1631 893 de
1656 848 1720 893 non
1738 848 1830 894 assu-

177 937 302 1002 mendis
318 935 481 1018 aliquibus
493 941 536 1004 ad
548 937 694 1004 ordinem
710 937 977 1022 beggiuatumll),
995 937 1058 1003 nisi
1074 936 1359 1021 quadragesimum
1375 956 1494 1002 annum
1511 935 1610 1001 etatis
1623 934 1829 1019 attingerint,

177 1043 340 1124 aliquibus
364 1043 517 1111 videatur
541 1065 680 1111 onerosa
704 1053 737 1111 et
761 1044 868 1126 alique
892 1045 998 1128 puelle
1022 1065 1081 1126 per
1104 1043 1287 1110 huiusmodi
1310 1042 1564 1124 prohibicionem
1586 1042 1674 1108 adei
1691 1041 1829 1110 servicio

178 1151 328 1216 abstrahi
360 1151 545 1234 videantur,
577 1158 676 1234 prout
706 1151 800 1219 nobis
823 1172 986 1234 exponere
1017 1151 1187 1233 curavisti,
1212 1150 1417 1233 indulgemus
1441 1149 1511 1230 tihi,
1536 1156 1574 1214 ut
1597 1148 1630 1214 in
1655 1147 1831 1230 parrochia

179 1264 237 1323 tua
268 1258 393 1339 puellas
423 1265 457 1324 et
486 1257 626 1325 feminas
657 1258 760 1325 eciam
789 1259 823 1324 in
854 1259 970 1324 minori
1000 1265 1091 1324 etate
1122 1257 1343 1342 quadraginta
1372 1277 1531 1322 annorum
1555 1257 1764 1335 constitutas,
1790 1258 1830 1320 de

177 1383 317 1445 quarum
339 1365 435 1448 lapsu
458 1365 568 1432 carnis
592 1386 656 1432 non
679 1365 901 1434 verisimihtcr
926 1373 1144 1448 presumatur,
1169 1365 1275 1448 possis
1300 1368 1342 1430 ad
1365 1364 1487 1430 dictum
1504 1363 1649 1430 ordinem
1672 1363 1828 1444 recipere,

177 1490 301 1536 morum
325 1479 359 1538 et
389 1473 643 1540 conversacione
667 1494 706 1540 ae
735 1493 947 1554 personarum
972 1473 1133 1554 qualitate
1157 1472 1331 1556 dihgenter
1358 1472 1577 1553 considerata,
1603 1490 1685 1551 quas
1708 1467 1831 1536 videris

177 1577 211 1642 in
241 1577 329 1644 dicto
361 1579 473 1646 ordine
504 1599 600 1662 posse
630 1579 664 1645 in
694 1579 747 1645 dei
777 1579 915 1646 servicio
947 1579 1106 1660 proficere
1138 1585 1172 1645 et
1196 1579 1480 1661 perseveranciam
1503 1578 1537 1643 in
1560 1577 1654 1643 bonis
1677 1574 1831 1658 operibus

178 1703 385 1752 conservare.
435 1687 556 1752 Datum
580 1707 666 1753 anno
692 1686 812 1753 domini
834 1687 875 1752 rh.
897 1681 939 1753 (ἕο.
964 1685 1175 1770 nonagesimo
1199 1685 1312 1769 primo,
1341 1666 1383 1750 fl.
1406 1685 1566 1751 kalendas
1590 1682 1779 1750 decembris.

395 1826 440 1882 Or.
454 1827 542 1896 Ppmt.
555 1828 605 1882 neit
622 1827 793 1884 Brnchaldelc
811 1829 857 1883 dea
875 1827 1070 1899 ahhunpenden
1089 1827 1197 1897 Siepela,
1235 1828 1274 1883 st.
1288 1828 1322 1882 A.
1338 1827 1388 1881 Fr.
1402 1828 1500 1881 Barth.
1516 1825 1555 1880 St.
1568 1827 1623 1880 No.
1637 1828 1698 1879 421.

395 1915 494 1972 eiua:
512 1919 556 1983 B,
574 1919 629 1971 262
646 1919 716 1972 noch
734 1918 793 1971 dem
815 1917 860 1974 Or.
882 1959 887 1972 .

177 2204 270 2280 604.
294 2213 488 2278 Schultheiss
504 2215 570 2278 cinci
585 2215 732 2295 Schdffen
746 2237 788 2278 aa
802 2214 984 2296 Frenlfnri
1006 2213 1117 2298 (iudex
1134 2221 1168 2280 et
1183 2212 1323 2298 scabini)
1347 2216 1499 2298 heeeicqen
1520 2215 1581 2278 den
1596 2213 1751 2276 Meistern
1765 2213 1831 2275 irrui

294 2319 472 2384 Aeretleuten
494 2322 550 2384 der
573 2321 853 2405 Senderyemehnle
876 2323 920 2386 Sl.
938 2321 1100 2388 Kelennhn
1125 2327 1158 2387 in
1173 2323 1271 2402 Kena,
1296 2323 1373 2387 diosa·
1396 2322 1451 2385 cler
1466 2319 1686 2401 Frunl·fnr·ler
1701 2318 1832 2403 Biirpcr

294 2425 483 2492 Herinenn¹
507 2427 571 2510 aelf
592 2432 660 2493 acin
682 2429 778 2493 Heus
803 2432 836 2493 in
859 2427 949 2493 Kdln
970 2452 1012 2494 an
1037 2429 1182 2494 Genesien
1204 2433 1304 2494 seieees
1328 2428 1475 2493 Brnders
1491 2427 1655 2492 Jnhennes
1678 2427 1716 2490 de
1732 2425 1831 2490 Poma

294 2536 456 2600 ceraichtet
479 2535 566 2600 habe.
613 2541 710 2600 1291.

395 2675 441 2730 Or.
454 2677 542 2746 Ppnat
556 2675 605 2730 mil
625 2677 818 2747 beechddiptem
836 2676 1057 2748 Studlsiepelffl).
1095 2679 1135 2732 St.
1149 2679 1183 2733 A.
1197 2678 1279 2732 Kdln.
1316 2676 1548 2742 Psarrei-Archio
1566 2676 1605 2729 Si.
1618 2676 1764 2729 Kolnmhn.

394 2765 494 2820 Gedr.:
512 2766 641 2820 Annalem
659 2766 705 2820 dee
724 2766 799 2819 Hiel.
815 2767 924 2820 Vereins
942 2767 995 2832 fiir
1013 2767 1065 2821 den
1084 2767 1275 2834 Niederrhein,
1293 2771 1336 2835 46,
1355 2771 1398 2820 85.
1437 2766 1610 2835 (Hoeniper.)

498 2855 554 2909 Die
576 2855 705 2909 Urhnnde
730 2856 774 2923 iat,
800 2855 850 2909 wie
875 2856 923 2909 der
948 2857 1153 2925 nnanlreffende
1173 2856 1243 2910 Titel
1261 2857 1309 2909 der
1329 2855 1520 2920 Frunhsurler
1538 2853 1735 2907 Sludlbehdrde
1752 2855 1831 2924 aeiqt,

392 2943 423 2997 in
441 2943 516 2998 Kdln
533 2943 703 3013 praebrieben
722 2944 781 2997 und
797 2961 849 2998 aur
867 2945 1046 3016 Beciepelunp
1064 2947 1134 2999 nach
1154 2945 1316 3010 Franhfurt
1333 2944 1464 3013 peschicld
1482 2943 1599 2996 worden.

176 3247 268 3324 605.
293 3257 486 3322 Schultheiss
517 3257 680 3336 Heinrich,
710 3260 760 3323 (lie
790 3259 935 3339 Schdffen
967 3259 1031 3323 tend
1061 3259 1192 3343 Biirpcr
1220 3280 1281 3322 con
1303 3257 1487 3338 Frenisurt
1513 3257 1722 3334 heriricuneleeq
1753 3256 1831 3320 deas

222 3360 225 3368 ’
295 3364 403 3444 Gelda,
427 3366 478 3430 die
500 3365 619 3431 Withee
641 3365 773 3431 Meister
796 3365 951 3430 Kenrculc
974 3367 1028 3431 des
1052 3367 1303 3446 Bartscheercra
1327 3366 1396 3429 dene
1414 3364 1562 3428 Gcrhard
1577 3363 1611 3426 F
1610 3364 1672 3428 elic
1695 3363 1831 3427 entare

286 3472 468 3552 jiihrliehcn
499 3472 611 3537 Zinses
640 3495 700 3537 ‘cere
729 3474 799 3536 dein
826 3473 938 3538 Hense
962 3472 1044 3537 Zuna
1066 3475 1275 3558 lide-ripamve
1304 3473 1370 3536 eiad
1401 3473 1499 3537 ile-reni
1527 3471 1832 3536 duicebenstehenden

294 3579 493 3644 Wohnhnure
519 3578 662 3661 vericensi
685 3581 771 3645 habe.
819 3586 909 3644 1292
929 3580 1079 3644 Febrnor
1102 3586 1154 3644 18.

285 3723 353 3788 Nos
380 3721 544 3788 Henricus
574 3722 743 3804 scoltetuS,
763 3775 795 3788 ..
822 3721 949 3788 scabini
971 3722 1137 3804 ceterique
1161 3723 1250 3790 cives
1274 3725 1313 3788 de
1337 3723 1588 3799 Frankenvord,
1621 3727 1734 3786 tenore
1758 3740 1831 3801 pre-

175 3829 318 3895 sentium
343 3828 615 3912 recognoscimus,
641 3833 725 3911 quod
750 3827 887 3911 Guda,ll
913 3830 1030 3896 rehcta
1054 3833 1215 3911 quondam
1239 3828 1391 3913 magistri
1414 3827 1557 3894 Com-adi
1580 3827 1830 3908 barbitonsoria,

176 3943 295 4001 nostra
319 3935 473 4017 concivis
497 3935 532 4001 in
555 3935 661 4002 nostri
685 3936 853 4019 presentia
876 3936 1058 4002 constituta
1082 3936 1230 4004 vendidit
1252 3933 1419 4008 hollnesto
1443 3935 1514 4003 viro
1539 3936 1711 4002 (lethardo
1728 3933 1832 3999 Felici

175 4051 210 4109 et
234 4043 387 4124 Cristine,
412 4062 470 4108 sue
494 4042 625 4127 coniugi
646 4043 833 4126 legittima*
857 4063 983 4109 necnon
1007 4043 1182 4110 heredibus
1206 4046 1381 4109 eorundem
1404 4042 1489 4108 iuste
1506 4049 1539 4107 et
1555 4039 1832 4112 racionallhiliter

176 4150 320 4231 quinque
342 4169 473 4216 marcas
496 4149 704 4215 denariorum
728 4149 969 4216 Colonienshnn
991 4169 1109 4216 census
1133 4150 1284 4216 annuahs
1308 4169 1410 4231 supra
1433 4156 1538 4215 totam
1561 4151 1687 4213 domum
1709 4146 1831 4212 dictam

175 4252 385 4339 vulgariterb
411 4274 450 4321 zo
473 4257 547 4320 dem
561 4256 813 4339 Vurcegartcn⁰
835 4263 912 4322 ante
937 4264 970 4322 ct
1000 4263 1100 4338 retr0,
1126 4263 1159 4322 ct
1183 4276 1285 4339 supra
1307 4259 1445 4339 domum,
1476 4276 1574 4337 quam
1597 4257 1709 4321 eadem
1734 4256 1832 4321 Guda

173 4361 344 4428 inhahitat
367 4361 514 4444 predicte
538 4361 647 4428 domui
670 4362 867 4446 contiguam,
900 4362 955 4444 qui
979 4363 1107 4444 quidem
1131 4384 1248 4429 census
1273 4363 1369 4429 dictis
1394 4364 1566 4431 Gerhardo
1590 4368 1624 4427 et
1648 4361 1715 4426 suis
1738 4362 1831 4426 here-

176 4469 274 4534 dibus
287 4471 380 4534 cedet
395 4475 428 4533 et
441 4471 556 4534 cedere
569 4468 701 4534 debebit
712 4468 746 4534 in
759 4468 906 4535 terminis
920 4469 1116 4550 subnotatis
1125 4469 1279 4536 videlicet
1291 4469 1324 4535 in
1337 4469 1554 4535 decollatione
1567 4467 1657 4533 beati
1668 4469 1691 4533 J
1693 4466 1831 4534 ohannis

174 4576 324 4657 baptiste
348 4578 410 4640 due
434 4594 543 4640 marce
567 4575 775 4641 denariorum
799 4576 1048 4658 Coloniensinn,
1073 4577 1191 4642 deinde
1213 4577 1247 4642 in
1272 4576 1447 4643 nativitate
1467 4574 1589 4641 domini
1603 4575 1752 4656 proxima
1768 4576 1831 4638 due

175 4701 288 4748 marce
325 4680 533 4747 denariorum
565 4681 813 4764 Coloniensinm,
844 4689 919 4764 post
952 4682 1041 4748 ibam
1075 4682 1285 4750 nativitatem
1319 4682 1353 4747 in
1388 4681 1558 4762 dominica,
1588 4701 1653 4760 qua
1676 4686 1831 4746 cantatur

175 4787 361 4869 Invocavit,
386 4808 451 4854 una
475 4807 588 4855 marca
611 4789 818 4854 denariorum
843 4789 1091 4855 Coloniensinm.
1139 4789 1373 4855 Prenominata
1395 4809 1473 4856 vero
1499 4790 1597 4854 Guda
1619 4786 1743 4852 eteius
1766 4785 1831 4852 fihe

174 4897 330 4964 universe
361 4915 433 4960 cum
463 4895 593 4979 generis
623 4915 731 4961 eorum
764 4895 1016 4978 resignaverunt
1048 4903 1080 4961 ct
1112 4895 1390 4964 renunciaverunt
1413 4915 1524 4961 coram
1548 4893 1642 4961 nobis
1665 4893 1698 4959 in
1723 4895 1830 4976 figura

173 5003 289 5070 iudicii
326 5002 433 5068 nostri
469 5002 556 5069 omni
591 5002 671 5084 iuri,
710 5004 795 5084 quod
831 5001 913 5085 ipsis
945 5002 979 5068 in
1018 5001 1150 5083 prefato
1182 5022 1282 5068 ceusu
1315 5004 1521 5084 conpetebat.
1581 5000 1831 5067 constituerunt

174 5109 404 5178 nichilominus
428 5109 664 5191 prenominatis
687 5110 859 5177 Gerhardo
884 5117 917 5175 et
933 5109 1001 5175 suis
1017 5110 1192 5175 heredibus
1207 5109 1431 5175 fideiussores:
1457 5109 1659 5192 Gypelonem
1675 5110 1715 5173 de
1731 5108 1831 5174 Holz-

174 5219 291 5298 husen,
325 5217 534 5300 Rudegerum
567 5216 707 5283 fratrem
739 5235 841 5289 suum,
879 5218 1064 5282 Conradum
1094 5219 1135 5282 de
1166 5216 1405 5299 Heldebergen,
1440 5222 1474 5281 et
1507 5215 1698 5280 Bertoldum
1730 5213 1830 5279 filium

173 5323 384 5405 Rulemanni,
416 5343 474 5406 pro
505 5324 676 5390 warandia
705 5323 803 5404 iusta,
829 5322 941 5388 debita
969 5327 1001 5388 et
1027 5328 1185 5389 consueta
1208 5321 1289 5404 ipsis
1313 5324 1485 5390 Gerhardo
1509 5329 1542 5387 et
1566 5321 1633 5387 suis
1656 5320 1830 5386 heredibus

445 5519 468 5568 ι)
483 5517 536 5560 Dae
551 5517 634 5560 aiente
647 5519 682 5568 ,ι’
698 5516 757 5559 dher
772 5515 816 5559 der
830 5515 903 5559 Zeila.
933 5517 957 5565 b,
972 5515 1013 5558 Or.
1026 5515 1189 5570 ,algentem
1216 5518 1239 5568 c)
1255 5515 1296 5560 Or.
1308 5515 1502 5568 ,wrcegarten“.

228 5679 237 5710 ¹
258 5677 361 5732 Dieaer
379 5680 524 5734 Hemone
542 5695 601 5733 acor
619 5679 663 5732 ein
682 5695 733 5733 ans
746 5679 820 5733 Kdln
835 5679 978 5747 fldehliper
1031 5679 1080 5732 der
1097 5679 1297 5748 Mdldenpaaee.
1330 5678 1388 5747 voc
1402 5677 1494 5732 Millh.
1508 5693 1560 5730 aua
1577 5677 1636 5730 dem
1655 5676 1832 5731 Studiorchio

171 5768 367 5841 Anpnenper
383 5768 429 5824 dee
446 5769 596 5822 behunnlen
607 5767 713 5822 Kdlner
727 5767 906 5822 Gecchiechles
918 5768 977 5822 Ven
1031 5785 1083 5822 eon
1101 5766 1185 5835 Korn,
1203 5767 1275 5833 Hesi
1291 5770 1336 5836 26,
1355 5770 1416 5821 129.
