4400 6384
364 299 426 363 198
1077 297 1146 353 1279
1165 298 1242 366 April
1262 300 1304 353 20.

361 500 394 559 et
418 514 519 575 usque
543 496 585 560 ad
609 493 773 576 integrum
797 495 981 577 persolutis.
1025 497 1071 562 Et
1095 498 1123 563 si
1146 497 1236 580 ipsos
1260 517 1319 579 pro
1344 496 1429 562 silva
1452 496 1635 564 huiusmodi
1657 498 1692 563 in
1715 504 1883 579 posterum
1907 498 2017 579 alique

360 600 580 683 impetitiones
604 621 661 668 seu
685 602 879 685 gravamina
903 603 1084 687 tetigerint,
1110 626 1170 671 nos
1193 603 1414 687 impetitioues
1438 604 1491 669 vel
1514 605 1709 688 gravamina
1732 604 1916 671 huiusmodi
1931 604 2017 671 inte

360 707 498 791 graliter
527 712 734 791 deponemus.
783 710 911 775 Dantes
941 710 1021 792 ipsis
1049 719 1221 793 presentes
1245 719 1378 778 nostras
1401 709 1517 780 literas
1540 713 1574 779 in
1598 712 1819 779 testimonium
1842 732 1941 795 super
1965 732 2015 778 eo.

360 818 456 880 Anno
480 815 601 881 domini
623 836 663 881 m.
687 836 733 882 cc.
755 816 855 882 lXX.
879 838 975 898 nono,
1000 819 1079 883 XII.
1103 819 1263 885 kalendas
1288 816 1413 901 aprilis.

571 940 713 1005 Abscbrift
731 941 762 994 in
778 941 925 1009 Uffenbucb
943 941 1025 996 MSS.
1040 973 1072 979 -
1094 942 1228 1009 01111111,
1247 946 1320 1000 Acta
1337 948 1419 1003 uaria
1438 949 1505 1015 (No.
1521 952 1586 1013 34):
1607 947 1821 1015 ,Documentum
1840 942 1962 995 familiae
1982 940 2017 994 de

625 1029 768 1098 Glauburg
786 1035 815 1083 et
833 1029 867 1083 de
885 1030 1060 1085 Holzhausen
1079 1032 1112 1085 de
1132 1048 1203 1085 annu
1221 1049 1256 1086 m.
1271 1048 1308 1089 cc.
1324 1035 1457 1092 lXXlX.‘
1496 1037 1535 1093 St.
1551 1038 1586 1091 A.
1602 1035 1652 1089 Fr.

577 1118 702 1173 Vidimus
720 1120 766 1173 des
778 1119 868 1173 Rutba
886 1136 938 1173 uon
951 1124 1020 1173 1691
1039 1122 1076 1173 im
1089 1121 1353 1179 Houuamen’sctoa
1365 1128 1469 1182 Archiv
1487 1127 1572 1179 durch
1590 1142 1642 1179 uon
1660 1122 1816 1177 Nasuam
1833 1120 2016 1176 toumioatrt.

574 1207 673 1261 Getta:
691 1207 945 1279 1111111111.
960 1210 1022 1277 111,
1036 1210 1060 1275 Ι,
1075 1212 1109 1263 41
1124 1210 1276 1277 (Vorrede)
1291 1213 1477 1285 =?B.,1ss.
1506 1215 1643 1269 Erwdlrnt
1654 1214 1782 1281 wana,
1801 1212 1861 1275 11«,
1876 1212 1935 1277 165,
1954 1210 2016 1262 175.

360 1411 908 1487 411111111111111111111
937 1445 978 1486 aa
1002 1423 1264 1489 Sandarake-osea
1293 1432 1359 1494 ond
1382 1430 1512 1509 Weber,
1537 1431 1594 1495 der
1616 1430 1703 1494 Solon
1732 1428 1787 1519 des
1811 1425 2015 1506 Horpernus,

476 1529 684 1607 beurlondro,
717 1531 794 1594 dass
826 1534 876 1594 ein
908 1531 1063 1594 1111111111
1095 1531 1190 1594 ilonea
1221 1538 1439 1601 1111111111·
1470 1537 1569 1602 Zmist
1600 1558 1661 1601 uus
1685 1536 1808 1599 Antass
1839 1535 1924 1595 einer
1959 1552 2018 1594 roa

476 1635 596 1699 th'olter
611 1636 677 1700 1111
695 1637 806 1700 dassen
823 1638 1033 1701 oersterbener
1048 1636 1143 1700 Fruu
1157 1636 1267 1703 Giselo
1282 1643 1350 1706 (1111
1364 1642 1601 1709 Deutscbordcn
1615 1642 1796 1726 aenaeum
1807 1635 2017 1720 sebast-anf

474 1744 843 1808 1111111111111
865 1744 985 1828 portu-t
1009 1744 1158 1827 boipeleqt
1179 1748 1234 1808 set.
1281 1748 1316 1811 F
1316 1752 1477 1833 renisuri,
1502 1756 1589 1815 1279
1613 1750 1709 1831 April
1731 1754 1785 1812 20.

582 1885 695 1966 (Erste
720 1886 934 1971 Redaktion.)
1421 1892 1561 1977 (Zweite
1584 1889 1801 1975 Redaktion.)

465 2010 505 2074 In
528 2010 656 2076 1111111
680 2010 809 2091 domini,
828 2030 931 2077 amen.
968 2012 1035 2076 Nos
1052 2010 1158 2077 frater
1319 2015 1359 2081 In
1382 2016 1510 2083 nomine
1534 2015 1663 2094 domini,
1684 2033 1788 2081 amen.
1824 2014 1892 2077 Nos
1908 2011 2017 2077 frater

358 2117 535 2183 Ludwicus
580 2120 813 2183 conmendator
858 2120 972 2183 domus
1003 2114 1157 2184 fratrum
1212 2119 1408 2188 Ludewicus
1448 2126 1683 2189 conmendator
1724 2124 1838 2187 domus
1872 2118 2017 2185 fratrum

358 2224 628 2290 'theutonicorum
657 2222 682 2296 tt
709 2223 743 2288 in
792 2224 1017 2290 Sassenhusen
1070 2227 1157 2306 apud
1213 2226 1490 2295 'theutonicorum
1546 2230 1580 2294 11
1643 2227 1869 2293 Sassenhuseu
1927 2228 2016 2306 apud

358 2330 585 2397 Frankinvort
619 2330 784 2411 ceterique
819 2328 943 2396 fratres
975 2329 1093 2396 ibidem
1124 2339 1158 2396 et
1213 2334 1448 2402 Fraukenvort
1482 2335 1647 2416 ceterique
1678 2333 1802 2400 fratres
1831 2331 1951 2397 ibidem
1981 2338 2017 2395 et

358 2436 536 2519 Wilrgerus
567 2436 648 2504 civis
678 2437 713 2502 in
737 2436 1015 2519 Frantlkenvort,
1045 2444 1157 2503 notum
1212 2438 1403 2522 Wickerus,
1440 2444 1603 2523 quondam
1622 2441 1647 2513 ll
1663 2439 1832 2522 Harperui
1866 2436 1948 2504 civis
1980 2437 2017 2502 in

358 2542 429 2609 fieri
453 2542 599 2624 cupimus
623 2542 760 2626 singulis
784 2562 823 2609 ac
842 2544 1014 2625 universis
1040 2544 1157 2625 quibus
1212 2547 1446 2613 Frankenvort
1479 2548 1579 2628 filius,
1616 2554 1727 2613 uotum
1761 2545 1833 2612 deri
1866 2544 2017 2625 cupimus

359 2656 530 2731 presentes
575 2649 678 2716 littere
722 2648 846 2716 fuerint
890 2649 1063 2722 exhibillte
1105 2650 1158 2717 vel
1212 2652 1349 2736 singulis
1388 2674 1427 2720 ac
1465 2654 1644 2735 universis,
1686 2653 1804 2734 quibus
1842 2657 2016 2733 presentes

359 2761 499 2838 ostense,
525 2759 611 2837 quod
641 2756 877 2837 controversia,
903 2775 965 2837 que
988 2756 1075 2822 inter
1098 2775 1158 2821 nos
1212 2757 1321 2823 littere
1352 2757 1476 2825 fuerint
1507 2759 1651 2826 exhibite
1680 2759 1733 2826 vel
1761 2764 1902 2838 ostense,
1927 2760 2016 2837 quod

358 2859 482 2929 fratres
512 2862 578 2929 iarn
608 2862 714 2928 dictos
745 2882 785 2928 ex
814 2882 890 2943 una,
923 2870 956 2927 et
979 2882 1030 2928 me
1054 2862 1158 2928 civem
1213 2865 1448 2947 controversia,
1480 2886 1542 2946 que
1565 2866 1653 2932 inter
1677 2885 1736 2931 nos
1756 2866 1780 2937 ll
1799 2864 1924 2930 fratres
1948 2863 2016 2930 iam

358 2967 523 3050 prefatum
540 2989 580 3035 er
596 2977 691 3051 purte
708 2970 824 3050 altera,
849 2970 1043 3036 vertebatur
1059 2988 1159 3050 super
1212 2970 1318 3036 dictos
1349 2991 1389 3037 ex
1419 2989 1494 3053 uua,
1520 2979 1554 3038 et
1581 2992 1631 3038 me
1655 2971 1758 3039 civem
1783 2969 1950 3053 prefatum
1973 2990 2017 3036 ex

358 3076 547 3159 donatione,
577 3096 674 3157 quam
705 3096 764 3159 ego
796 3075 1030 3141 covrrmunieata
1059 3096 1157 3141 manu
1213 3086 1309 3159 parte
1340 3077 1456 3159 altera,
1480 3081 1676 3145 vertebatur
1700 3097 1799 3159 super
1821 3076 2015 3156 duracinae,

358 3182 410 3265 pie
434 3182 586 3250 memorie
603 3183 734 3266 Gysele,
759 3185 922 3264 quondam
945 3181 1057 3248 uxoris
1076 3202 1156 3262 mee,
1212 3202 1308 3263 quam
1333 3203 1393 3267 ego
1418 3184 1656 3251 communicata
1676 3203 1774 3251 manu
1791 3184 1843 3264 pie
1859 3184 2016 3250 memorie

358 3292 398 3355 de
428 3290 575 3356 domibus
600 3297 633 3355 et
657 3289 730 3356 aliis
753 3288 847 3354 bonis
870 3289 960 3371 meiS,
985 3288 1158 3355 mobilibus
1213 3289 1314 3368 Gisle,
1339 3293 1502 3371 quondam
1531 3289 1673 3363 urollris
1696 3309 1776 3371 mee,
1802 3293 1842 3355 de
1864 3289 2017 3356 domibus

358 3402 391 3463 et
420 3396 646 3477 immobilibus,
678 3396 801 3462 habitis
832 3403 866 3461 11
897 3396 1055 3461 habendis
1083 3402 1158 3478 post
1212 3401 1246 3461 et
1269 3395 1343 3462 aliis
1366 3396 1461 3463 bouis
1477 3397 1558 3463 meis
1573 3396 1696 3464 habitis
1713 3404 1747 3463 et
1761 3395 1922 3463 habendis
1938 3404 2018 3479 post

357 3511 493 3569 mortem
521 3524 626 3570 meam
650 3509 683 3568 et
707 3502 792 3568 dicte
816 3502 928 3569 uxoris
951 3522 1030 3584 mee,
1056 3522 1158 3582 quon·
1211 3510 1348 3569 mortem
1378 3522 1484 3568 meam
1514 3511 1548 3569 et
1571 3504 1659 3569 dicte
1681 3503 1795 3570 uxoris
1817 3522 1889 3568 mee
1912 3522 2018 3584 quon-

357 3613 432 3676 dam
453 3608 596 3677 feceram
612 3608 769 3691 hospitali
783 3608 938 3690 ipsorum,
956 3627 1052 3690 quam
1068 3608 1158 3675 vide-
1213 3610 1287 3675 dam
1305 3607 1449 3676 feceram
1466 3609 1621 3692 hospitali
1636 3610 1792 3693 ipsorum,
1816 3628 1875 3691 per
1892 3608 2017 3676 disere

356 3716 434 3782 licet
450 3716 662 3783 donacionem
679 3735 719 3782 er
735 3722 839 3781 morte
853 3714 997 3781 eiusdem
1010 3714 1158 3797 coniugis
1212 3722 1264 3780 tus
1293 3715 1393 3797 11111,
1425 3714 1564 3781 fratrem
1594 3717 1830 3798 Marquardum
1860 3715 2015 3797 priorem,

356 3843 426 3889 mee
459 3824 684 3889 confirmatam
717 3829 751 3888 et
783 3821 1030 3889 irrevocabilem
1059 3820 1157 3887 iidem
1212 3818 1350 3887 fratrem
1384 3820 1575 3887 Heinricum
1613 3822 1770 3888 lectorem
1804 3829 1839 3888 et
1873 3820 2017 3889 fratrem

357 3928 480 3996 fratres
511 3930 727 4011 affirmabant,
755 3948 805 3994 me
836 3927 1037 3994 contrarium
1068 3948 1158 3994 asse·
1211 3926 1435 3994 Hermannum
1461 3931 1499 3993 de
1516 3927 1690 3995 Wetdan'a
1713 3927 1835 3995 ordinis
1858 3928 2016 3995 Predica-

356 4043 460 4117 rente,
479 4056 538 4117 per
556 4034 716 4101 discretos
732 4034 831 4116 viros,
850 4034 1002 4101 videlicet
1019 4032 1157 4099 fratrem
1212 4040 1328 4114 torum,
1355 4033 1552 4114 Volmarum,
1587 4035 1771 4100 Conradum
1794 4034 2014 4116 Wobelinum,

356 4144 590 4223 Marquardum
607 4140 747 4222 priorem
763 4149 797 4206 et
812 4139 951 4206 fratrem
966 4140 1157 4206 Heinricum
1212 4139 1364 4206 scabinos
1398 4140 1534 4221 ibidem,
1571 4148 1605 4206 et
1632 4141 1836 4222 Wielrerum,
1873 4139 2014 4207 fratrem

356 4249 512 4314 lectorem
539 4245 681 4312 fratrum
705 4245 828 4313 ordinis
851 4246 1099 4312 Predicatorum
1123 4246 1156 4311 in
1212 4249 1399 4327 eorundem,
1431 4246 1478 4312 sic
1510 4246 1727 4312 amicabiliter
1757 4255 1809 4313 est
1838 4246 1950 4329 sopita
1979 4256 2015 4314 et

356 4355 605 4436 Frankenvort,
633 4353 820 4419 Volmarum
857 4359 890 4418 et
918 4352 1155 4435 Weppelinum,
1212 4352 1336 4434 decisa,
1373 4355 1457 4433 quod
1493 4352 1650 4435 hospitali
1683 4360 1862 4420 memorato
1899 4356 2014 4419 domus

357 4460 509 4526 scabinos
525 4459 672 4527 civitatis
689 4459 860 4541 eiusdem,⁸
877 4458 923 4525 sic
940 4458 1157 4524 amicabiliter
1210 4479 1283 4525 mea
1299 4458 1391 4541 ponti
1406 4458 1544 4525 vicinior
1560 4462 1654 4525 cedet
1670 4467 1895 4541 postmortem
1907 4479 2014 4526 meam

357 4575 408 4633 est
432 4566 540 4648 sopita
564 4574 597 4633 et
620 4567 740 4647 decisa,
766 4569 851 4647 quod
867 4564 1023 4647 hospitali
1038 4585 1156 4632 memo·
1210 4565 1312 4632 libere
1345 4572 1378 4631 et
1409 4566 1575 4647 absolute,
1610 4569 1724 4632 domus
1756 4585 1833 4633 vero
1863 4564 2011 4646 inferior,

356 4679 430 4739 rato
454 4675 567 4739 domus
590 4692 663 4739 mea
686 4671 779 4754 ponti
802 4670 939 4739 vicinior
963 4674 1057 4737 cedet
1082 4680 1156 4753 post
1210 4673 1315 4739 eidem
1337 4670 1446 4737 domui
1470 4671 1634 4755 contigua,
1660 4678 1892 4754 postmortem
1907 4692 2012 4738 meam

355 4785 493 4845 mortem
522 4798 626 4845 meam
656 4778 758 4844 libere
789 4786 822 4844 et
853 4779 1012 4859 absolute,
1043 4780 1156 4844 domus
1210 4787 1244 4846 et
1268 4778 1473 4846 Dankmodis
1502 4782 1541 4845 de
1571 4779 1757 4863 Mogontia,
1789 4780 1902 4845 uxoris
1931 4800 2012 4858 mee,

356 4905 433 4953 vero
463 4884 601 4951 inferior
632 4884 734 4951 eidem
766 4884 874 4950 domui
901 4884 1057 4968 contigua
1080 4892 1156 4966 post
1210 4887 1238 4952 si
1277 4886 1347 4952 sine
1388 4885 1478 4967 prole
1518 4885 1770 4967 decesserimus
1808 4889 1849 4951 ad
1890 4886 2013 4951 dictum

355 4998 493 5058 mortem
515 5011 620 5058 meam
644 4998 677 5057 et
700 4990 812 5056 uxoris
836 5010 906 5057 mee
923 4989 1091 5057 Danlrmiut
1115 4995 1155 5056 de
1209 4991 1372 5075 hospitale
1412 4991 1562 5058 similiter
1600 4994 1802 5060 devolvetur.
1865 4991 1899 5058 si
1933 5011 2012 5058 vero

356 5098 541 5182 Moguncia,
567 5098 595 5163 si
625 5098 695 5164 sine
726 5098 817 5179 prole
842 5097 1086 5179 decesserimus
1113 5101 1154 5163 ad
1210 5098 1333 5179 prolem
1357 5117 1398 5163 ex
1422 5100 1535 5163 eadem
1559 5118 1712 5181 genuero,
1737 5098 1796 5165 illa
1818 5098 1916 5165 michi
1939 5118 2014 5164 suc-

356 5204 477 5270 dictum
505 5205 667 5288 hospitale
693 5203 841 5270 similiter
866 5204 1067 5271 devolvetur.
1121 5204 1156 5270 Si
1211 5208 1304 5270 cedet
1326 5204 1361 5269 in
1385 5207 1498 5270 eadem
1515 5212 1548 5270 et
1562 5204 1596 5270 in
1614 5204 1688 5271 aliis
1703 5204 1784 5271 meis
1799 5205 1903 5271 bonis.
1939 5206 2013 5271 Hoc

355 5331 432 5378 vero
449 5312 573 5393 prolem
589 5330 629 5377 ex
645 5314 758 5377 eadem
774 5300 926 5393 genuere,
944 5310 1042 5396 ille(l)
1057 5310 1155 5377 michi
1210 5311 1349 5394 adiecto,
1375 5315 1459 5393 quod
1484 5312 1512 5377 si
1535 5315 1648 5378 eadem
1672 5313 1782 5394 proles
1805 5312 1876 5378 sine
1899 5312 2012 5377 liberis

356 5422 509 5483 succedet
540 5418 574 5482 in
607 5420 736 5494 eadem,
772 5416 856 5482 sicut
887 5416 921 5482 in
955 5416 1028 5482 aliis
1060 5418 1154 5497 bouis
1210 5416 1406 5499 decesserit,
1450 5417 1541 5484 dicta
1583 5420 1696 5484 domus
1737 5416 1879 5500 prefatis
1917 5420 2012 5483 cedet

407 5601 432 5641 a)
448 5593 487 5643 23)
501 5592 624 5644 ,11111111Ι

411 5738 417 5767 ¹
438 5736 494 5807 Vyl.
508 5737 574 5791 obeo
593 5737 645 5789 No.
659 5740 720 5790 296.
