4400 6384
645 329 714 382 1305
733 327 880 382 December
898 329 916 381 5
934 359 967 366 —
988 328 1057 381 1305
1076 327 1223 382 December
1241 330 1284 382 31.
1746 329 1811 394 445

158 545 240 608 pure
270 531 406 608 propter
437 528 530 590 deum
562 532 596 591 ct
618 524 652 589 in
675 524 852 590 remedium
876 524 981 591 anime
1006 532 1118 591 nostre
1143 525 1371 591 renunciamus
1395 525 1523 607 publice
1547 545 1606 608 per
1630 531 1810 607 presentes,

159 654 198 699 ea
222 653 302 699 sane
327 632 515 698 condicione
538 631 712 727 mediante,
738 635 822 712 quod
847 631 1053 714 supradicti.
1073 684 1079 697 .
1099 635 1342 698 commendator
1366 639 1399 697 et
1417 685 1422 696 .
1443 684 1449 696 .
1467 630 1590 698 iratres
1615 631 1704 696 nulla
1725 633 1813 696 hona

158 740 191 805 in
215 739 364 806 terminis
395 739 559 820 prelibate
584 738 660 806 ville
683 720 868 804 Wllenstad
898 738 1034 804 inantea
1064 758 1170 805 emere
1202 741 1383 820 debebunt,
1415 742 1473 805 sed
1503 759 1561 820 pro
1593 744 1696 819 tante,
1727 741 1812 819 quod

158 847 186 912 si
211 846 313 928 aliqui
335 846 482 912 homines
505 847 667 911 habentes
689 847 777 911 hona
798 846 833 911 in
857 846 1085 928 prenominata
1111 845 1191 912 villa
1214 825 1398 912 Wllenstad
1428 865 1486 911 seu
1519 843 1666 911 terminis
1691 844 1760 910 eius
1778 895 1810 910 ..

158 952 415 1019 commendatori
445 960 479 1018 et
497 1005 503 1017 .
523 1004 530 1016 .
548 951 709 1018 fratribus
740 951 916 1018 antedictis
947 952 1057 1033 aliqua
1086 955 1174 1018 bona
1205 971 1263 1032 pro
1294 951 1436 1018 remedio
1468 951 1649 1017 animarum
1679 969 1812 1016 suarum

156 1061 270 1142 legare
292 1057 457 1126 voluerint
481 1077 539 1124 seu
553 1058 748 1142 legaverint,
774 1061 860 1139 quod
874 1058 1058 1124 huiusmodi
1081 1060 1169 1125 hona
1185 1058 1326 1140 propriis
1342 1058 1464 1124 aratris
1481 1078 1545 1123 non
1562 1058 1678 1138 colent,
1705 1060 1762 1122 sed
1781 1109 1786 1121 .
1804 1109 1810 1120 .

158 1166 283 1232 colonis
314 1185 354 1230 66
383 1167 470 1230 bona
499 1164 665 1246 locabant,
697 1164 751 1246 qui
774 1164 868 1230 nobis
899 1168 939 1230 de
962 1165 1088 1231 iuribus
1112 1165 1235 1232 nostris
1260 1163 1478 1246 satisfacient,
1504 1185 1545 1231 ne
1567 1184 1627 1230 nos
1651 1170 1684 1230 et
1707 1163 1813 1229 nostri

156 1291 366 1338 successores
396 1271 430 1337 in
453 1270 578 1337 iuribus
601 1271 724 1337 nostris
747 1271 884 1338 inantea
907 1271 1148 1338 defraudemur.
1193 1272 1310 1338 Testes
1332 1271 1428 1338 huius
1452 1271 1501 1337 rei
1523 1278 1616 1337 sunt:
1641 1271 1812 1352 Philippus

157 1382 304 1444 decanus
328 1377 464 1444 ecclesie
488 1376 818 1457 Frankeniordensis,
843 1377 1007 1444 Henricns
1031 1381 1070 1444 de
1093 1377 1376 1460 Hatzichenstein,
1401 1376 1564 1444 Volradus
1592 1385 1626 1444 et
1648 1377 1812 1442 Henricus

157 1487 322 1565 qnondam
353 1484 486 1550 sculteti
508 1484 542 1549 in
565 1482 808 1566 Frankeniord,
842 1484 1031 1551 Fridericus
1055 1485 1182 1568 Dugelo
1207 1485 1326 1566 senior,
1359 1485 1529 1550 Cunradus
1554 1491 1586 1549 et
1614 1484 1812 1550 Bertholdus

157 1591 238 1657 dicti
264 1594 303 1656 de
319 1592 434 1672 Morle,
459 1591 588 1672 milites
614 1598 646 1656 ct
671 1611 767 1672 quam
791 1592 902 1673 plures
926 1591 983 1657 alii
998 1591 1161 1675 fidedigoi.
1202 1592 1242 1656 In
1258 1590 1479 1657 testimonium
1495 1590 1635 1656 omnium
1652 1598 1684 1656 et
1701 1589 1813 1673 singu-

154 1699 262 1764 lorum
286 1698 507 1779 predictorum
531 1698 712 1782 sigillorum
735 1706 922 1765 nostrorum
946 1700 1002 1764 Ph.
1026 1698 1148 1764 domini
1171 1702 1210 1764 de
1233 1697 1463 1781 Mintzcnberg
1485 1703 1518 1762 et
1541 1701 1654 1762 domus
1668 1696 1811 1762 Theuto-

156 1805 230 1870 nice
264 1807 304 1870 de
330 1805 557 1871 Sassenhusen
588 1804 829 1871 antedictorum
858 1803 994 1871 lecimus
1017 1805 1203 1890 1666161611)
1227 1805 1375 1871 roborari
1399 1803 1530 1870 litteras
1554 1803 1810 1885 suprascriptas⁴

154 1913 280 1976 Actum
314 1929 400 1976 anno
435 1909 557 1976 domini
590 1909 760 1976 millesimo
794 1909 860 1977 cci.
895 1911 1018 1992 quinto,
1053 1911 1088 1976 in
1123 1911 1237 1994 vigilia
1272 1913 1441 1976 beatorum
1478 1910 1627 1994 Spunonis
1660 1916 1693 1974 et
1725 1911 1812 1976 Jude

156 2016 392 2098 apostolorum.

377 2159 422 2214 Or.
437 2159 525 2227 Ppmt.
540 2159 590 2213 mit
609 2158 805 2229 bachddiptem
823 2160 911 2229 Siepel
930 2159 1067 2229 Philippa,
1086 2160 1138 2213 dar
1154 2160 1246 2213 6166116
1268 2159 1333 2225 fehlt
1379 2159 1545 2214 Asseahca'm.

378 2247 472 2302 Vera:
490 2247 629 2317 Herpuet:
647 2248 780 2315 Repesten
805 2248 851 2302 der
877 2247 965 2316 Grdfl.
984 2247 1328 2302 Solon-Rddclheior'schea
1347 2248 1464 2302 Archiae
1483 2247 1535 2301 No.
1551 2251 1592 2300 12.
1630 2245 1704 2300 Eine
1721 2246 1813 2300 aweite

427 2336 628 2406 enormipunp
646 2337 696 2389 mit
715 2337 809 2389 beiden
821 2336 929 2404 Siepela
947 2354 985 2390 aa
1002 2336 1351 2406 priterceideaenSchnr'trcrr
1364 2337 1477 2405 befiodet
1495 2337 1552 2390 sich
1570 2336 1607 2389 im-
1620 2332 1812 2388 311116166-

426 2425 510 2493 stadt,
529 2425 638 2479 darach
654 2426 746 2494 pedm:
764 2426 854 2490 Baur,
874 2424 953 2479 Heca.
969 2425 1043 2492 Uria,
1063 2426 1088 2494 1,
1108 2429 1168 2493 313,
1187 2427 1307 2496 96161161.

153 2794 250 2871 867.
276 2801 339 2865 Die
364 2801 531 2865 Gcaerbea
561 2822 621 2865 oca
643 2800 887 2864 Heusercstamor
912 2800 1113 2864 bertreae-odeo
1135 2800 1185 2864 die
1208 2804 1264 2864 6111
1287 2800 1450 2879 Adelher'd,
1474 2802 1594 2866 Wittroe
1616 2803 1671 2867 des
1693 2803 1813 2869 Ritters

274 2907 414 2973 Koarad
436 2929 496 2972 666
515 2908 768 2986 Heusercstamm,
792 2907 1353 2991 111616166611111611196661116666116
1375 2907 1626 2990 Uebereiohuuft.
1677 2910 1813 2994 ,Testes

275 3013 372 3079 huius
402 3021 495 3080 sunt:
526 3012 728 3079 honorabilis
758 3012 809 3079 vir
840 3012 989 3079 dominus
1015 3015 1225 3079 Hermannus
1249 3014 1345 3094 Jude,
1370 3013 1529 3098 magister
1553 3017 1665 3080 domus
1690 3017 1812 3082 ordinis

275 3121 384 3187 sancti
407 3119 570 3187 Johannis
592 3118 838 3186 Irosolomitani
868 3118 902 3184 in
925 3119 1184 3202 Frankeniord,¹
1209 3118 1315 3185 irater
1338 3121 1514 3186 Bortoldus
1538 3124 1578 3186 dc
1603 3123 1811 3204 Gysenheim,

275 3225 383 3294 irater
407 3227 551 3293 eiusdem
575 3226 730 3308 ordinis.
751 3278 756 3290 .
774 3225 938 3292 Henricns
962 3230 1125 3307 quondam
1149 3227 1319 3309 scultetuS,
1339 3279 1344 3292 .
1365 3280 1371 3292 .
1391 3225 1564 3295 Gothidus
1580 3228 1686 3310 Beier,
1712 3249 1813 3310 quon-

277 3337 352 3400 dam
375 3333 535 3400 scultetus
558 3333 592 3399 in
616 3331 859 3415 Frankeniord,
884 3333 1022 3399 16111166α
1049 3357 1080 3398 6.
1098 3358 1128 3400 6.
1178 3341 1263 3399 1305
1279 3334 1485 3400 Deccorberd
1509 3333 1576 3420 (die
1600 3335 1716 3401 domin.
1735 3343 1812 3402 ante

274 3438 396 3506 festum
419 3443 451 3506 b.
468 3439 596 3506 Nicolai
620 3440 686 3525 ep.)

375 3583 474 3638 cede:
494 3581 600 3649 Gadea,
621 3581 685 3636 God.
701 3581 789 3650 Dipl,
807 3580 847 3648 V,
867 3585 919 3636 790
941 3596 990 3650 ,ex
1008 3581 1207 3650 autographo.

151 3949 253 4027 868.
276 3955 350 4022 Das
373 3956 524 4021 Maiaaer
552 3957 711 4041 peisti-lehc
736 3955 864 4020 Gericht
895 3957 1094 4036 beurhuodet,
1126 3959 1203 4022 class
1233 3959 1293 4023 das
1316 3958 1448 4040 Kapitel
1474 3981 1533 4024 666
1556 3961 1601 4025 St.
1618 3961 1757 4042 Stephon
1779 3965 1814 4024 in

276 4063 394 4128 Metine
422 4067 529 4128 scinco
551 4063 625 4144 Hof
651 4067 686 4127 a'a
709 4062 876 4128 Eschborrr
904 4085 948 4128 aa
970 4063 1126 4128 Heinrich
1148 4063 1182 4126 F
1181 4065 1273 4129 rosch
1296 4066 1362 4129 16161
1384 4065 1495 4129 descen
1517 4066 1604 4130 Soha
1627 4066 1691 4148 arcs
1712 4068 1814 4132 beider

277 4169 458 4234 Lebensaeit
480 4173 515 4233 ia
539 4169 640 4234 Pacht
662 4171 796 4254 pepeben
819 4171 906 4234 habe.
954 4176 1041 4235 1305
1065 4170 1236 4236 December
1258 4177 1311 4236 31.

268 4310 399 4377 Iudices
414 4318 530 4377 sancte
545 4310 739 4394 Magnntine
755 4311 852 4377 sedis.
892 4311 1169 4394 Recognoscimus
1186 4333 1244 4394 per
1260 4320 1440 4394 presentes,
1466 4317 1552 4395 quod
1568 4315 1814 4382 honorabilibus

153 4418 242 4488 viris
277 4418 473 4484 dominis..
498 4421 632 4499 decano,
669 4417 853 4499 scolastico,
880 4424 1072 4484 ..cantore
1108 4425 1142 4484 et
1173 4419 1316 4500 capitulo
1348 4421 1484 4486 ecclesie
1515 4421 1624 4487 sancti
1655 4422 1815 4503 Stephani

149 4525 356 4609 Magantine
379 4545 420 4590 ex
444 4543 510 4589 una
524 4522 548 4596 11
562 4531 666 4606 parte,
692 4530 726 4589 et
744 4524 900 4590 Heinrico
925 4525 1012 4590 dicto
1028 4527 1184 4606 Froesch,
1210 4526 1281 4592 cive
1297 4525 1613 4608 Frankenfurdensi,
1639 4548 1679 4593 er
1696 4529 1812 4610 altera,

148 4635 188 4700 in
224 4638 342 4698 nostra
372 4629 544 4713 presencia
573 4630 772 4708 constitutis,
804 4631 901 4697 iidem
932 4631 1054 4698 domini
1076 4683 1082 4696 .
1102 4684 1108 4697 .
1132 4636 1284 4714 decanus,
1309 4685 1341 4697 ..
1364 4633 1569 4715 scolasticus
1590 4685 1595 4698 .
1616 4686 1622 4699 .
1641 4641 1757 4699 cantor
1780 4641 1814 4700 et

149 4738 342 4821 capitulum
372 4736 511 4819 provida
541 4735 810 4809 deliberaltcione
840 4737 1016 4819 prehabita
1046 4745 1079 4803 et
1102 4737 1248 4803 unanimi
1271 4739 1442 4806 voluntate
1464 4737 1713 4821 infrascriptum
1738 4760 1814 4807 con-

149 4851 307 4914 tractum
338 4864 410 4909 cum
432 4843 521 4909 dicto
545 4843 702 4910 Heinrico
727 4846 787 4910 sub
812 4851 926 4910 tenore
949 4846 1134 4926 verborum,
1161 4844 1216 4925 qui
1239 4845 1396 4926 sequitur,
1422 4846 1629 4912 concorditer
1651 4846 1811 4913 inierunt:

149 4956 229 5021 Nos
244 5004 250 5016 .
267 4953 442 5031 ‚decanus
457 5002 463 5014 .
479 5002 485 5015 .
500 4949 732 5032 scolastiitcuS,
749 5002 755 5015 .
771 5003 777 5016 .
792 4957 909 5017 cantor
929 4958 963 5016 et
979 4949 1158 5031 capitulum
1174 4949 1310 5016 ecclesie
1330 4951 1439 5017 sancti
1450 4951 1609 5033 Stephani
1618 4952 1813 5035 Maguntine

148 5057 292 5144 publice
314 5056 578 5140 recognoscimus
601 5057 634 5121 in
658 5057 720 5122 hiis
745 5057 889 5139 scriptis,
915 5059 1000 5138 quod
1023 5076 1083 5122 nos
1108 5056 1226 5121 curtim
1249 5062 1396 5123 nostram
1421 5057 1518 5123 sitam
1541 5058 1575 5123 in
1599 5058 1813 5126 Eschehurne

148 5185 234 5234 cum
257 5163 422 5231 universis
446 5162 546 5246 agris,
571 5162 675 5243 bonis,
701 5163 837 5245 iuribus,
861 5163 1082 5245 libertatibus
1099 5163 1278 5228 honoribus
1295 5170 1328 5229 61
1343 5164 1558 5246 pertinenciis
1574 5164 1641 5230 suis
1657 5165 1813 5232 Heinrico

148 5274 249 5340 dioto
281 5270 437 5350 Fr0esch,
462 5269 527 5335 civi
555 5267 872 5352 Frankeniurdensi,
905 5277 939 5336 61
969 5270 1040 5335 eins
1069 5269 1146 5351 filio,
1178 5269 1233 5351 qui
1264 5276 1339 5351 post
1368 5278 1506 5336 mortem
1535 5271 1639 5352 ipsius
1666 5272 1815 5338 Heinrici

147 5378 273 5448 senior
301 5375 405 5441 laicus
435 5373 546 5457 fuerit,
570 5375 658 5441 iusto
688 5375 864 5442 locacionis
895 5383 929 5442 et
959 5375 1184 5442 conductionis
1216 5377 1311 5442 titulo
1343 5381 1385 5442 ad
1414 5378 1540 5443 finnam
1571 5377 1750 5444 locavimus
1781 5385 1814 5444 et

146 5482 383 5552 concessimus
412 5485 455 5548 ad
477 5481 623 5564 ipsorum
645 5481 713 5548 vite
737 5488 887 5564 tempora
910 5482 1149 5564 possidendam,
1175 5485 1235 5548 sub
1259 5483 1362 5549 modis
1387 5491 1420 5549 et
1444 5483 1688 5550 condicionibus
1711 5482 1815 5550 inira

212 5678 375 5732 ¹Dereelbe
383 5675 960 5747 wirdale,bruderHermanvonliegenze,
1014 5678 1046 5729 in
1071 5677 1146 5730 einer
1171 5677 1301 5732 Urhuade
1328 5677 1475 5732 Adelheids
1503 5695 1555 5732 ooo
1582 5680 1653 5733 1305
1672 5678 1755 5748 April
1778 5683 1817 5733 28

146 5769 205 5824 der
223 5767 393 5820 montore
405 5769 483 5820 rente
495 5764 513 5820 J
515 5765 635 5819 ohannes
647 5765 698 5819 hnc
711 5780 747 5819 au
758 5763 959 5819 hankentorr
1015 5766 1060 5834 (an
1079 5769 1157 5818 sente
1170 5764 1273 5819 Vitelis
1292 5765 1366 5835 tage)
1386 5766 1472 5835 (pede.
1486 5767 1503 5821 l.
1516 5781 1546 5832 a,
1566 5769 1631 5830 789)
1648 5772 1777 5836 percant.
