4400 6384
904 331 974 384 1296
992 329 1059 386 Juni
1077 331 1102 384 4.
1761 334 1827 398 343

173 525 259 591 mine
289 527 464 591 roboratas
494 525 529 591 in
559 525 746 592 memoriam
778 533 811 592 ct
841 527 1030 592 firmitatem
1059 528 1200 594 omnium
1230 530 1461 610 predictorum.
1508 530 1554 595 Et
1581 549 1641 595 nos
1664 530 1828 596 Volradns

174 633 344 698 scultetus
369 638 403 697 et
421 683 427 697 .
447 685 453 696 .
472 631 599 698 scabini
630 634 976 714 Frankenvordenses,
1011 634 1087 714 qnia
1119 635 1262 702 vidimus
1294 644 1465 718 presentes
1495 636 1627 702 litteras
1660 636 1826 720 sigillis.

177 739 295 804 decani
325 745 358 805 et
376 791 382 804 .
403 792 409 804 .
427 739 565 821 capituli
587 759 627 805 ac
650 739 795 821 Henrici,
821 743 984 820 quondum
1008 741 1150 822 sculteti,
1185 742 1389 823 prelatorum
1413 742 1586 826 sigillatas,
1611 746 1652 809 ad
1677 750 1829 827 rogatum

175 845 323 926 parcium
347 849 523 912 earundem
547 845 689 930 sigillum
713 853 859 913 nostrum
885 847 1092 928 presentibus
1117 849 1266 915 duximus
1290 851 1548 931 appendendum.
1596 851 1718 916 Datum
1742 871 1827 916 anno

175 951 297 1018 domini
324 952 493 1020 millesimo
524 953 745 1020 ducentesimo
774 954 985 1038 nonagesimo
1010 961 1114 1037 sexto,
1144 959 1288 1022 secunda
1313 955 1398 1022 leria
1422 955 1570 1038 proxima
1592 963 1667 1038 post
1691 963 1828 1023 octavos

173 1060 422 1140 penthecosten.

391 1219 436 1275 Or.
451 1220 539 1288 Ppmt.
577 1221 751 1290 Anhc'inpcnd
770 1224 798 1288 1)
818 1221 990 1291 Slistssiepel,
1016 1225 1046 1282 2)
1066 1221 1154 1291 Siepcl
1171 1223 1217 1276 des
1236 1224 1395 1277 Dcclcorrtcn
1414 1223 1605 1294 (besclrctdr'pl),
1628 1227 1658 1285 3)
1679 1223 1766 1293 Sicpel
1783 1224 1829 1277 des

441 1310 638 1364 Sclucltlccr'ssen
652 1309 788 1365 Heinrich
802 1311 1006 1380 (Bruclcslic'clr),
1026 1314 1055 1368 4)
1069 1309 1232 1382 Sludleiepcl
1245 1313 1293 1378 (2).
1332 1317 1377 1366 Iu
1394 1313 1452 1366 ein
1461 1314 1568 1381 pellem,
1583 1318 1636 1367 3u.
1647 1313 1704 1366 ein
1715 1319 1829 1382 prorem

449 1400 555 1454 Woclrs.
592 1398 631 1454 st.
645 1401 679 1452 A.
695 1400 746 1454 Fr.
761 1400 860 1453 Barth.
875 1398 914 1454 St.
929 1400 981 1453 Nr.
994 1403 1072 1454 3345.

389 1489 488 1544 Gedc:
507 1489 641 1557 Ficlrorcl,
659 1489 769 1554 Archia,
789 1489 851 1557 ΙΙΙ,
871 1492 930 1554 132,
946 1489 1003 1556 .B.,
1022 1493 1075 1543 300
1094 1491 1165 1543 noch
1182 1490 1241 1543 dem
1263 1489 1308 1544 Or.
1330 1533 1335 1544 .

394 1578 488 1632 Vere:
511 1578 586 1646 Will,
606 1578 711 1632 Moira.
731 1578 808 1646 ch,
827 1578 969 1632 XXXVI
986 1577 1039 1631 No.
1059 1582 1120 1632 455.

174 1961 268 2037 694.
295 1969 357 2035 Dic
389 1971 557 2037 Gerncimlc
585 1994 627 2036 erc
655 1973 739 2037 Nicd
769 1973 934 2057 ecrplcc'cht
964 1975 1031 2037 sicli
1061 1979 1152 2037 ruder
1173 1975 1382 2058 Vernrr'ltlrcnp
1416 1998 1472 2039 roo
1502 1975 1663 2058 olapmer
1691 1973 1830 2053 Ditem-r,

290 2076 436 2143 Decltorrt
467 2083 499 2142 in
522 2078 716 2160 Frrtrrlofccrt,
741 2081 807 2143 carrd
829 2080 990 2163 Sicpfrr'cd
1020 2103 1079 2144 ‘ooo
1103 2081 1283 2146 Giscrrlrcc'rrr
1313 2085 1368 2145 orit
1391 2083 1460 2146 dcrn
1481 2083 1560 2163 Slr'fl
1583 2082 1831 2164 Morimcpr'cdmo

290 2207 333 2248 ειι
357 2185 472 2250 Metine
494 2187 570 2250 iiber
592 2187 643 2250 dic
663 2186 792 2251 Basaro
814 2189 872 2268 sih·
890 2187 1049 2271 Vcrpeltcc
1071 2211 1170 2272 pcpcn
1191 2189 1252 2253 dos
1268 2188 1486 2253 Mlirlcrrcclct
1508 2189 1574 2252 cod
1597 2189 1647 2252 dic
1664 2189 1830 2270 vvoloaop

291 2293 347 2358 des
373 2293 518 2358 chrrrtco.
567 2293 801 2375 (Froolcscuter
828 2295 894 2358 corat
918 2294 1067 2358 Moioccr
1089 2293 1244 2378 Dcncrc).
1292 2295 1341 2360 Es
1371 2297 1478 2379 sirpclt
1505 2297 1564 2376 fiir
1586 2296 1637 2360 die
1662 2295 1830 2359 Gmrrcc'ndc

292 2399 378 2463 Nied
405 2401 457 2464 dic
479 2402 571 2466 Stodt
593 2400 778 2482 Frondfort
800 2399 1027 2486 (universitas)
1058 2403 1125 2466 cuod
1153 2403 1210 2467 der
1237 2402 1390 2467 Dcclront.
1439 2409 1526 2467 1296
1549 2402 1632 2467 eri
1655 2407 1684 2466 Ι.
1731 2400 1828 2484 (prid.

293 2525 367 2571 non.
390 2505 494 2590 iunii.)

393 2665 492 2720 Getta:
510 2663 607 2734 Seuer,
625 2667 651 2732 I,
671 2670 723 2721 714
742 2668 811 2720 noch
829 2667 888 2720 deor
909 2667 955 2721 Or.
969 2667 1056 2736 Pprrrt.
1070 2668 1108 2720 im
1127 2667 1165 2720 Sl.
1180 2669 1213 2722 A.
1227 2669 1396 2723 chslroclcrr.

174 3049 268 3126 695.
292 3061 485 3126 Sclrrcltlrcr'ss
519 3062 653 3142 Volrccl,
689 3065 739 3127 die
768 3064 914 3145 Sclcclffmt
943 3065 1009 3128 carrd
1039 3065 1171 3148 Bllrpcr
1200 3086 1260 3128 ooo
1288 3064 1474 3146 Fronlfmt
1508 3064 1722 3142 brentemeirs,
1753 3064 1831 3128 dosa

291 3173 445 3252 proterente
468 3169 577 3234 Erbcrc
602 3169 719 3252 Gppcls
750 3193 810 3235 ooo
833 3172 1038 3236 Ilolclrocsco
1067 3173 1168 3236 llere-m
1188 3171 1319 3236 Brrcder
1342 3173 1408 3234 crrrd
1431 3171 1587 3235 Mr'tcrbco
1611 3170 1748 3254 Lcrclroe'p
1772 3193 1832 3235 oon

293 3274 498 3340 Holelvorcscn
521 3277 611 3342 ihren
627 3276 754 3342 Arrtlrcil
778 3300 820 3342 cccc
843 3279 912 3343 dero
928 3279 1024 3344 Horas
1040 3279 1188 3344 Sclrc'taoo
1214 3279 1358 3360 rcrlcoast
1380 3279 1489 3342 habco.
1539 3283 1626 3342 1296
1648 3278 1732 3342 Jrcoi
1747 3283 1777 3341 Ι.

284 3436 523 3503 NosVolradus
536 3437 707 3520 scultetus,
724 3491 729 3504 .
744 3491 749 3504 .
764 3437 890 3504 scabini
902 3437 1068 3519 ceterique
1082 3491 1088 3502 .
1103 3491 1109 3502 .
1125 3437 1213 3505 cives
1230 3441 1270 3503 cle
1282 3439 1532 3505 Frankenvord.
1559 3438 1686 3503 Tenore
1699 3457 1831 3518 presen-

176 3543 261 3609 cium
286 3543 558 3626 recognoscimus
584 3549 669 3626 quod
688 3545 868 3629 HedwigiS,
886 3543 910 3618 ll
924 3547 1038 3626 Greta,
1056 3545 1241 3622 Katlrerina
1265 3552 1298 3611 et
1313 3545 1493 3625 lohannes,
1518 3542 1614 3608 liberi
1636 3563 1675 3609 ac
1693 3545 1831 3609 heredes

176 3653 339 3731 quondam
357 3651 517 3734 Gyplonis
533 3655 573 3717 de
588 3652 776 3718 Holzhusen
793 3652 899 3718 nostri
915 3652 1068 3734 concivis,
1085 3652 1251 3718 innostra
1268 3651 1439 3733 presencia
1451 3649 1475 3724 ll
1489 3650 1661 3717 constituti
1677 3669 1743 3715 una
1759 3670 1832 3715 cum

176 3758 330 3824 Cumado
347 3759 594 3842 Burnellocken,
621 3761 772 3826 Cunrado
788 3760 873 3826 Albo
891 3766 924 3825 et
935 3759 1106 3842 Wigelonc
1122 3761 1226 3841 Rana,
1247 3757 1439 3824 maritorum
1456 3776 1587 3822 suorum
1602 3755 1829 3839 legitimorum,

177 3863 447 3937 communillcata
473 3885 570 3932 manu
595 3866 731 3948 parique
755 3886 915 3933 consensu
939 3866 1158 3934 vendiderunt
1186 3865 1273 3931 iusto
1298 3862 1499 3933 vendicionis
1529 3862 1625 3928 titulo
1655 3862 1831 3928 Ludewico

177 3973 217 4036 dc
234 3970 433 4054 Holzhusen,
459 3970 557 4038 fratri
574 3994 632 4040 suo
648 3973 856 4056 ipsorumque
873 3973 1034 4055 coheredi,
1059 3980 1093 4039 et
1109 3974 1209 4053 Kuse,
1233 3972 1328 4038 uxori
1352 3973 1422 4037 eins
1438 3970 1593 4054 legitime,
1617 3969 1740 4036 nostris
1757 3990 1832 4035 con-

177 4077 314 4160 civibus
340 4098 379 4144 ac
396 4099 507 4146 eorum
522 4081 698 4146 heredibus
715 4088 828 4162 partes
844 4099 922 4146 suas
940 4080 1028 4146 curie
1050 4088 1084 4145 et
1103 4081 1216 4146 domus
1231 4086 1420 4161 nuncupate
1435 4077 1619 4160 vulgariter
1631 4078 1832 4144 Schonenow

175 4185 268 4267 ipsos
298 4185 526 4270 contingentes
556 4194 590 4253 et
620 4187 771 4268 quicquid
803 4191 843 4253 ad
875 4191 1011 4253 eandem
1042 4186 1166 4252 curiam
1197 4193 1349 4269 spectare
1379 4185 1570 4266 dinoscitur,
1595 4204 1632 4250 eo
1661 4184 1743 4265 iure,
1769 4203 1832 4264 quo

176 4291 286 4358 dictus
310 4292 417 4375 Gyplo
447 4291 552 4375 ipsam
581 4293 705 4360 curiam
729 4294 884 4376 possedit,
914 4293 986 4360 iure
1018 4293 1238 4376 proprietario
1269 4298 1428 4376 perpetuo
1452 4291 1698 4374 possidendam3
1730 4289 1834 4374 resig-

177 4405 297 4466 nantes
327 4406 361 4465 et
391 4401 623 4467 renunciantes
654 4401 735 4467 dicti
756 4401 862 4468 nostri
886 4402 1037 4470 concives
1062 4401 1148 4468 omni
1170 4400 1244 4482 iuri,
1269 4403 1355 4481 quod
1377 4398 1458 4481 ipsis
1482 4398 1515 4463 in
1538 4398 1604 4464 iam
1628 4398 1718 4463 dicta
1741 4398 1833 4463 curia

177 4508 396 4588 competebat,
422 4507 652 4589 promittentes
681 4507 908 4574 nichilominus
936 4508 1032 4574 dictis
1055 4507 1232 4574 Ludewico
1256 4514 1290 4573 et
1314 4505 1383 4572 eins
1407 4505 1581 4570 heredibus
1606 4525 1716 4570 coram
1739 4503 1832 4570 nobis

177 4617 217 4679 de
241 4613 316 4695 ipsa
339 4613 431 4680 curia
455 4612 567 4681 facere
590 4615 793 4681 warandiam
808 4615 938 4698 iustam,
964 4615 1108 4680 debitam
1128 4621 1162 4680 et
1178 4621 1377 4680 consuetam.
1410 4613 1568 4677 Preterea
1584 4610 1724 4691 predicti
1738 4609 1834 4675 liberi

177 4729 210 4786 et
242 4720 379 4786 heredes
409 4721 513 4804 ipsius
537 4721 698 4806 Gyplonis
729 4741 768 4788 ac
791 4721 902 4788 mariti
926 4725 1103 4787 earundem
1127 4727 1282 4786 tenentur
1305 4724 1468 4802 deponere
1492 4716 1632 4800 prelatis
1656 4716 1832 4784 Ludewico

176 4827 311 4909 suisque
341 4829 516 4894 heredibus
546 4829 682 4912 singulis
714 4829 808 4895 annis
839 4832 921 4894 duas
951 4848 1080 4894 marcas
1112 4828 1319 4894 denariorum
1350 4833 1384 4892 et
1413 4832 1554 4906 quatuor
1585 4825 1697 4913 pullos
1716 4843 1833 4889 census

176 4935 339 5018 annualis
371 4955 465 5018 quem
488 4936 654 5018 Albradis,
683 4957 766 5002 uxor
791 4939 953 5017 quondam
977 4934 1100 5016 prelati
1125 4934 1295 5018 Gyplonis,
1326 4933 1360 4999 in
1389 4932 1559 4999 antedicta
1589 4931 1681 4997 curia
1711 4933 1833 4996 habere

177 5043 369 5125 dinoscitur,
402 5044 525 5124 absque
550 5044 636 5109 omni
666 5043 907 5126 impedimento,
937 5049 971 5108 et
1003 5045 1042 5108 de
1075 5042 1156 5123 ipsis
1189 5043 1316 5107 duabus
1348 5039 1469 5107 marcis
1501 5047 1536 5105 et
1565 5045 1706 5120 quatuor
1736 5036 1833 5119 pullis

177 5149 338 5233 sepedicti
361 5149 556 5218 Ludewicus
587 5157 621 5216 et
651 5150 702 5216 sui
730 5151 867 5216 heredes
898 5152 940 5215 ad
971 5153 1098 5214 domum
1129 5154 1352 5231 nuncupata-m
1380 5146 1420 5213 zir
1451 5151 1509 5213 der
1542 5147 1697 5226 Schuren,
1735 5162 1833 5225 super

177 5278 275 5340 quam
299 5260 427 5323 domum
451 5255 593 5339 sepefati
615 5257 711 5323 liberi
732 5257 835 5339 ipsius
852 5255 1013 5340 Gyplonis
1037 5259 1119 5321 duas
1142 5275 1272 5321 marcas
1296 5261 1329 5320 et
1353 5254 1518 5319 dimidiam
1541 5272 1658 5318 census
1682 5249 1833 5317 annualis

176 5366 301 5431 babere
332 5364 556 5448 dinoscuntur,
588 5371 772 5446 respectum
803 5364 980 5446 habebunt,
1011 5365 1073 5428 hoc
1104 5382 1183 5429 sane
1214 5361 1336 5443 addito,
1366 5364 1451 5441 quod
1482 5360 1510 5425 si
1540 5359 1690 5441 predicta
1720 5360 1833 5422 domus

176 5471 216 5538 ch
247 5475 306 5536 der
332 5471 477 5537 Sclmren
511 5491 589 5537 casu
622 5471 730 5552 aliquo
763 5470 974 5554 contingente
1005 5469 1155 5535 incendio
1189 5476 1248 5534 aut
1281 5467 1354 5533 aliis
1390 5465 1543 5548 periculis
1579 5466 1833 5546 quibuscumque

176 5583 421 5659 devastaretur,
446 5577 495 5645 ita
525 5581 610 5659 qood
637 5579 723 5643 dicte
748 5581 809 5643 due
833 5597 943 5643 marce
967 5585 1001 5642 et
1024 5576 1157 5642 dimidia
1181 5579 1220 5640 de
1244 5574 1317 5656 ipsa
1340 5576 1434 5638 domo
1459 5575 1575 5637 cedere
1599 5592 1663 5636 non
1687 5577 1832 5652 possent,

178 5685 351 5753 memorati
380 5687 518 5752 heredes
546 5685 650 5767 ipsius
674 5684 834 5768 Gyplonis
865 5684 1039 5765 sepeclictis
1064 5681 1240 5748 Ludewico
1271 5686 1305 5746 et
1329 5680 1396 5746 suis
1418 5678 1594 5745 heredibus
1617 5678 1652 5744 in
1676 5678 1739 5743 alio
1763 5677 1833 5742 loco

177 5801 250 5861 tuto
276 5798 310 5860 et
333 5792 441 5860 sicuro
465 5792 683 5876 assignabunt
707 5797 740 5856 et
764 5793 939 5856 ostendent
962 5792 1044 5856 duas
1070 5808 1200 5855 marcas
1221 5794 1255 5853 et
1271 5793 1412 5868 quatuor
1428 5786 1533 5868 pullos
1550 5805 1666 5852 census
1683 5782 1835 5851 annualis
