4400 6384
768 328 835 383 1257
856 326 973 383 October
992 358 1026 369 -
1047 326 1116 383 1258
1134 326 1191 383 nai
1209 328 1251 382 24.
1770 330 1833 397 105

174 528 303 597 civibus
326 527 511 609 precariam
533 527 669 608 imperio
694 527 934 609 persolverunt,
960 530 1257 609 quomodocumque
1281 529 1322 592 ad
1346 527 1420 592 loca
1435 525 1590 610 religiosa
1605 526 1659 592 vel
1674 546 1833 609 personas

173 635 269 717 alias,
295 634 538 701 ecclesiasticas
562 634 616 701 vel
637 636 830 716 mundanas,
855 634 1005 714 predicta
1028 636 1116 700 bona
1139 632 1269 702 devolvi
1292 640 1326 698 et
1349 630 1525 699 transferri
1541 633 1722 717 contingat,
1748 633 1833 700 sicut

173 749 253 808 ante
285 745 327 808 ad
358 742 547 809 solvendam
578 740 762 822 precariam
792 742 879 806 bona
908 741 982 822 ipsa
1011 740 1239 807 nichilominus
1269 746 1454 806 teneantur.
1513 740 1655 821 Insuper
1684 740 1833 806 volumus

173 856 274 931 atque
298 848 525 931 permittimus,
551 850 635 929 quod
660 851 928 928 quemadmodum
951 847 997 913 ibi
1020 847 1201 915 advocacia
1216 866 1275 927 per
1290 846 1495 913 Fridericum
1511 846 1586 913 olim
1601 846 1833 928 imperatorem

173 958 214 1021 de
239 976 401 1023 consensu
425 956 609 1037 principum
631 954 783 1036 deposita
808 953 880 1036 luit,
905 962 1099 1035 permaneat
1114 961 1152 1020 ut
1168 974 1254 1020 nunc
1271 960 1331 1037 est,
1356 952 1521 1020 fructibus
1538 954 1714 1021 advocacie
1730 952 1834 1035 ipsius

173 1062 373 1129 scultetatus
397 1062 499 1128 officio
524 1060 732 1143 deputandis.
772 1062 825 1129 Ad
849 1063 918 1143 bec,
944 1080 1017 1127 cum
1040 1060 1200 1127 medietas
1223 1067 1352 1127 monete
1375 1067 1489 1127 nostre
1512 1057 1777 1127 Frankenfurdr'e
1799 1068 1834 1127 et

172 1169 265 1253 ligna
294 1168 513 1249 fabricabilia
545 1176 583 1235 ut
612 1167 753 1249 predicti
783 1168 872 1235 cives
899 1168 934 1234 in
958 1186 1069 1234 eorum
1093 1175 1248 1234 asserunt
1271 1167 1452 1252 privilegiis
1476 1166 1646 1249 contineri,
1672 1170 1714 1233 ad
1737 1186 1834 1248 repa·

172 1276 335 1342 rationem
366 1276 477 1358 pontis
501 1274 764 1342 Frankenfordie
794 1274 919 1341 luerint
949 1277 1110 1342 hactenus
1140 1279 1311 1357 deputata,
1336 1295 1396 1341 nos
1419 1275 1462 1356 id,
1488 1281 1586 1356 prout
1609 1281 1700 1341 recte
1724 1281 1758 1339 et
1781 1274 1833 1355 pic

171 1380 300 1449 factum
333 1391 393 1465 est,
427 1389 535 1450 ratum
568 1384 726 1449 habemus
759 1389 793 1448 et
822 1389 954 1466 gratum
985 1390 1018 1448 ct
1049 1382 1213 1463 presentis
1245 1382 1361 1464 scripti
1385 1381 1569 1463 patrocinio
1593 1382 1831 1463 confirmamus,

173 1490 322 1572 presenti
345 1490 453 1557 edicto
476 1490 640 1557 universis
665 1497 698 1556 et
722 1488 859 1573 singulis
883 1488 1065 1556 districtius
1087 1489 1282 1570 inhibentes,
1308 1509 1349 1555 ne
1372 1488 1444 1570 quis
1465 1470 1554 1555 cives
1571 1491 1701 1555 eosdem
1717 1495 1834 1554 contra

172 1598 260 1663 hanc
286 1604 433 1664 nostram
458 1596 736 1665 confirmationem
759 1603 794 1662 et
816 1595 960 1679 graciam
983 1595 1141 1676 impedire
1165 1602 1343 1677 presumat,
1383 1597 1476 1680 Quod
1501 1595 1557 1676 qui
1574 1593 1701 1676 lecerit,
1721 1602 1834 1662 nostre

171 1703 379 1770 celsitudinis
395 1724 546 1805 agravem
576 1702 835 1787 indignationem
863 1702 1019 1768 incurret.
1069 1702 1192 1767 Datum
1221 1702 1406 1785 Maguncie‚
1424 1702 1517 1767 VIII.
1544 1701 1596 1768 die
1626 1700 1833 1784 septembris,

172 1810 354 1877 indictione
375 1812 447 1877 XV.
501 1812 597 1877 Anno
622 1809 743 1877 domini
765 1810 805 1875 rin.
824 1804 866 1876 cis.
884 1809 944 1874 1¹⁰⁰.
970 1808 1118 1889 septimo.
1166 1809 1275 1893 Regni
1297 1830 1376 1877 vero
1400 1808 1507 1876 nostri
1530 1829 1616 1875 amm
1640 1808 1754 1890 primo.

391 1954 436 2007 Or.
451 1953 538 2021 Ppmt.
578 1952 640 2005 Das
658 1949 746 2021 Siepel
766 1950 851 2017 (rolla)
872 1969 910 2005 uu
928 1952 1094 2021 rom-puceu
1115 1950 1301 2017 Soideusddm
1318 1952 1404 2021 ludnpt
1423 1950 1578 2021 beccbddipt
1596 1969 1641 2005 cu.
1679 1950 1718 2005 St.
1732 1951 1767 2004 A.
1782 1950 1833 2004 Fr.

443 2041 649 2095 Pn'o.No.11.

392 2130 473 2185 Gedr.
493 2130 563 2183 nacla
581 2129 640 2182 decu
662 2128 722 2182 Oa:
748 2130 778 2182 P.
802 2134 825 2181 ct
849 2130 879 2182 P.
904 2128 928 2197 1,
954 2132 976 2197 7,
998 2130 1041 2197 Π,
1064 2134 1081 2184 6
1102 2152 1134 2175 =
1155 2129 1250 2199 Istinip
1275 2129 1310 2189 R.
1332 2130 1376 2197 A„
1399 2129 1492 2197 XIII,
1520 2132 1574 2182 559
1600 2145 1637 2182 au
1665 2127 1738 2198 Sept.
1753 2132 1777 2183 7.
1800 2150 1833 2174 =

442 2218 585 2285 mercena,
603 2217 629 2283 r,
651 2220 703 2271 102
722 2242 755 2261 =
776 2218 909 2283 nectara,
931 2205 1040 2286 Araiai,
1060 2218 1085 2285 r,
1106 2221 1166 2286 cos,
1193 2218 1326 2286 θώων,
1352 2219 1443 2272 necea
1463 2218 1609 2286 accarca,
1628 2220 1690 2286 351,
1710 2219 1753 2286 Β,
1773 2218 1833 2271 117.

394 2308 485 2361 Vera:
504 2307 588 2361 B.-F.
603 2308 655 2361 No.
670 2308 747 2361 5319.
783 2306 833 2360 Fr.
848 2307 962 2375 luccat,
979 2306 1040 2373 HI,
1057 2310 1083 2359 2.

389 2397 433 2449 Ira
451 2396 636 2450 roesoutlicbeu
654 2395 778 2449 dborliclce
799 2395 963 2464 Priuilcpieu
982 2396 1111 2449 erbielten
1129 2413 1174 2449 cm
1191 2395 1311 2465 plcicbcu
1332 2395 1405 2465 Tcpe
1422 2395 1481 2449 aud
1502 2396 1566 2449 Orto
1585 2396 1654 2449 auch
1672 2394 1833 2464 Friedbcrq

441 2484 526 2538 ΒΨ.
542 2485 593 2539 Nr.
608 2486 687 2552 5321,
701 2482 831 2549 Wetclor,
850 2484 886 2537 ic.
903 2484 955 2538 No.
971 2486 1042 2538 5323
1060 2484 1119 2538 und
1138 2484 1319 2552 (laubacum,
1333 2484 1369 2538 ic.
1385 2484 1438 2537 No.
1452 2486 1531 2552 5324,
1540 2483 1611 2550 jetta
1630 2485 1701 2539 auec
1713 2484 1832 2549 bacar,

443 2574 468 2639 1,
482 2576 538 2627 237
550 2574 603 2629 No.
617 2578 677 2629 326.

172 2818 487 2894 218015clcultlreiss
521 2824 688 2905 Wolfrum,
719 2824 770 2887 dic
793 2825 938 2905 Sclcdffeu
971 2824 1035 2887 uad
1058 2824 1189 2907 Brirper
1221 2845 1279 2888 uou
1300 2822 1486 2904 Froulfurt
1516 2823 1726 2902 bcurlcuudem
1756 2824 1834 2888 dass

290 2932 393 2996 Rura·
422 2930 560 2995 Kourcd
588 2930 777 3015 Meiscubup
807 2931 873 2995 uad
903 2931 1014 2995 desscu
1039 2931 1209 2995 Gerraclrliu
1234 2930 1374 2995 Gertrud
1403 2930 1473 2994 decu
1502 2929 1635 2994 Kloslcr
1657 2929 1834 3014 Alteccburp

291 3040 358 3104 ilarc
383 3037 483 3103 Giiter
508 3041 540 3101 lu
566 3036 809 3101 dress-Lindon
831 3038 995 3121 pescbeuld
1017 3034 1150 3102 bulaeus
1175 3042 1239 3101 125
1246 3042 1266 3099 7
1289 3038 1427 3103 October.

282 3182 349 3247 Nos
361 3176 562 3245 Wollramus
587 3178 757 3260 scultetus,
783 3178 909 3245 scabini
933 3186 966 3245 et
990 3179 1136 3247 universi
1159 3179 1248 3246 cives
1271 3178 1305 3244 iu
1321 3180 1564 3245 Franlrenvurt.
1611 3179 1676 3244 Per
1699 3197 1834 3261 presens

171 3288 335 3369 scriptum
364 3285 572 3352 innotescere
604 3286 752 3351 volumus
783 3285 956 3368 universis,
982 3290 1068 3368 quod
1098 3285 1248 3353 dominus
1272 3287 1444 3351 cunradus
1474 3284 1582 3350 dictus
1604 3284 1780 3368 Mesinbug
1801 3291 1835 3349 et

171 3394 307 3461 domina
330 3391 505 3461 Gertrudis
528 3411 612 3458 uxor
628 3411 689 3457 sue
706 3392 944 3459 communicata
959 3412 1057 3458 manu
1074 3399 1108 3458 et
1124 3392 1197 3474 pari
1213 3391 1348 3459 consilio
1364 3390 1458 3457 nobis
1474 3391 1682 3473 presentibus
1699 3397 1835 3474 propter

173 3504 272 3567 deum
288 3508 322 3567 et
336 3499 371 3565 in
388 3516 520 3565 suorum
539 3498 762 3566 remissionem
778 3498 1001 3581 peccaminum
1017 3502 1179 3565 dederunt
1194 3498 1432 3581 perpetualiter
1448 3498 1585 3564 ecclesie
1599 3498 1634 3565 in
1650 3497 1835 3580 Aldinburg

171 3610 264 3673 bona
293 3625 354 3673 sua
383 3605 417 3671 in
440 3604 561 3671 Maiori
584 3605 722 3687 Linden‚
755 3626 818 3687 que
849 3606 927 3672 colit
949 3606 1167 3672 Eckehardus
1197 3605 1326 3671 ibidem.
1375 3603 1590 3671 Conferentes
1621 3604 1724 3671 eciam
1747 3604 1834 3670 dicte

172 3714 312 3780 ecclesie
337 3732 430 3780 omne
454 3712 514 3794 ius
540 3716 624 3793 quod
649 3713 818 3778 habebant
841 3712 875 3778 in
898 3711 992 3778 bonis
1016 3712 1090 3793 illis,
1116 3732 1178 3793 que
1203 3711 1351 3779 dominus
1367 3711 1557 3779 Gilebertus
1580 3711 1671 3777 miles
1695 3710 1835 3776 contulit

172 3820 314 3887 ecclesie
330 3817 489 3901 sepefata.
522 3819 639 3884 'l‘estes
656 3825 749 3884 sunt:
768 3820 940 3885 Cnnradus
957 3821 995 3885 de
1014 3819 1243 3901 Sassinbusen‚
1261 3819 1428 3886 Helwicus
1444 3822 1484 3885 de
1495 3820 1646 3899 Prumcn,
1660 3815 1833 3899 Rudollus,

173 3928 384 4007 Gotscalcus,
414 3924 603 3992 Fridcricus
634 3927 674 3991 de
698 3925 937 4009 Brunigishem,
969 3924 1106 4007 milites;
1130 3926 1305 3992 Wickerus
1329 3929 1369 3991 de
1392 3925 1573 4006 Ovinbach,
1606 3926 1777 3990 Cunradus
1801 3930 1835 3990 et

171 4034 363 4100 Wolmarus
386 4032 445 4099 filii
469 4032 528 4113 sui,
555 4034 726 4099 Cunradus
751 4032 1011 4113 deWulleustat‚
1037 4033 1213 4099 Bertcldus
1232 4035 1272 4098 de
1288 4032 1528 4115 Heldebergen,
1554 4033 1725 4097 Cunradus
1741 4030 1836 4096 iuxta

173 4142 385 4221 Graburnen,
412 4146 445 4205 ct
469 4138 526 4205 alii
548 4139 767 4220 quamplures.
808 4139 848 4204 In
871 4139 967 4205 huius
986 4136 1069 4205 facti
1084 4141 1187 4205 robur
1202 4145 1236 4205 et
1252 4139 1473 4206 testimonium
1489 4145 1675 4221 presentem
1689 4137 1833 4203 litteram

173 4246 324 4313 dedimus
348 4246 454 4315 nostri
476 4245 576 4329 sigilli
599 4246 773 4312 munimine
798 4247 1031 4311 confirmatam.
1072 4246 1160 4311 Acta
1183 4253 1260 4311 sunt
1283 4248 1344 4312 hec
1368 4264 1453 4311 anno
1478 4244 1599 4311 domini
1619 4264 1659 4309 m.
1678 4264 1724 4309 cc.
1743 4243 1836 4325 quin-

172 4354 367 4438 quagesimo
391 4354 539 4437 septimo,
565 4352 598 4418 in
622 4355 766 4420 octobre.

394 4496 492 4549 chc:
511 4495 616 4563 Gadara,
638 4493 700 4550 occ.
716 4494 803 4564 Dipo,
823 4494 866 4561 ΙΙ,
887 4496 1044 4561 raa=13.‚
1062 4499 1120 4549 118.
1165 4495 1343 4549 Miltclrbea'u.
1361 4495 1452 4562 Urlcb.,
1474 4494 1537 4563 ΙΙΙ,
1561 4498 1638 4562 1030,
1664 4494 1735 4547 uucb
1753 4509 1835 4563 anpe-

447 4600 536 4639 uouer
553 4584 653 4653 Kopie.

399 4675 490 4729 Vera:
509 4673 607 4729 Scriba
624 4673 668 4741 ΙΙ,
682 4674 736 4727 Νο.
750 4677 811 4741 491,
826 4674 923 4742 Gom,
943 4672 1120 4728 Mittelcbeiu.
1141 4674 1217 4744 Ray„
1237 4673 1298 4741 Ill,
1312 4673 1366 4727 No.
1384 4676 1460 4727 1431.

394 4764 521 4834 Aucsup:
542 4763 665 4831 Thomas,
688 4761 813 4831 Obcrbofi
833 4765 892 4817 436.

171 5005 268 5085 219.
292 5014 355 5080 Dic
378 5016 618 5093 sclcauletcsea,
643 5015 788 5095 Schdtl'eu
812 5016 877 5079 'troad
894 5016 1024 5099 Bairpcr
1039 5015 1095 5079 der·
1110 5016 1218 5080 scum
1233 5013 1427 5095 Fruulcfurt,
1454 5015 1666 5093 Gelae-lactescat,
1701 5014 1837 5079 Wctzlur

293 5124 360 5187 cuci
392 5121 569 5205 Friedberp
598 5122 792 5187 cutsclrcidcu
820 5126 907 5186 cicccc
931 5126 1027 5187 Strccl
1053 5123 1209 5186 rozo-aclea
1236 5122 1306 5186 dem
1328 5121 1461 5185 Klosler
1484 5120 1657 5205 Acusburp
1689 5120 1753 5201 crof
1781 5121 1838 5184 der·

293 5234 390 5308 einen,
422 5229 488 5294 rcud
511 5228 665 5293 Bambala
688 5228 803 5293 Brcsto
833 5229 897 5293 crud
920 5229 1123 5311 Hcrpcruus,
1155 5232 1271 5293 scineae
1294 5228 1512 5308 erccrrcdteu,
1546 5229 1610 5309 arcs
1636 5230 1692 5292 dcc·
1715 5228 1836 5292 oculere

293 5338 383 5416 Seite,
407 5336 555 5416 iubclrcff
582 5336 638 5401 cler
668 5356 727 5400 uon
756 5336 825 5400 doru
856 5338 1070 5401 ocrstorbcucu
1094 5335 1286 5417 Horperuus
1316 5335 1386 5399 doru
1415 5334 1547 5399 Kloster
1570 5334 1752 5417 Arusburp,
1785 5356 1831 5399 coo

294 5466 328 5508 er
351 5444 471 5509 Miiucio
493 5464 642 5527 pomo-seu,
668 5444 863 5509 cormaci-teu
888 5444 996 5507 Giitcr.
1046 5442 1239 5523 Fruoclcsurt,
1257 5446 1345 5508 1258
1360 5442 1435 5506 Mai
1449 5446 1503 5506 24.

284 5586 352 5652 Nos
376 5583 715 5667 Frankenlordenses,
734 5584 1047 5669 GeplenlrusenseS,¹
1060 5584 1308 5651 Wetllarienses
1325 5591 1359 5651 et
1374 5584 1653 5667 Fridebergenses
1670 5568 1834 5664 sculthcti

232 5782 241 5814 ¹
264 5780 310 5835 Or.
330 5762 577 5850 Geplcnbuserge'n

233 5912 401 5959 Franklurtcr
416 5913 612 5961 urkundenbuch
626 5914 643 5958 1.
1696 5903 1730 5955 14
