4400 6384
714 331 783 386 333
801 331 908 386 sanun
929 331 1014 386 19-
1041 332 1111 386 333
1130 330 1189 387 Juu
1206 329 1249 388 33.
1768 333 1811 402 51

155 535 257 612 igitur
281 534 350 594 tam
372 523 477 594 futuri
501 547 598 609 quam
622 533 802 610 presentes
828 530 913 610 quod
937 547 997 612 ego
1014 529 1185 596 Johannes
1204 527 1312 594 dictus
1329 530 1369 594 de
1383 528 1585 595 Husenstam
1601 525 1710 596 omnia
1725 530 1814 596 bona

155 657 228 703 mea
253 635 319 702 sita
340 633 430 701 inira
453 654 579 700 murum
604 635 707 700 castri
721 635 840 718 Hagen
864 640 898 700 et
922 641 1029 701 ortum
1052 641 1130 702 ante
1153 633 1258 702 valles
1281 633 1404 701 eisdem
1421 633 1516 701 bonis
1532 634 1729 702 attinentem
1743 655 1812 703 une

156 763 229 810 eum
250 741 367 808 matris
390 761 459 808 mee
476 749 510 808 et
525 741 666 808 omnium
682 742 876 808 coheredum
891 761 1036 809 meorum
1052 761 1214 809 consensu
1230 747 1264 807 et
1278 760 1433 808 manuum
1448 741 1655 824 appositione
1670 750 1812 828 cognato

156 871 226 918 meo
257 848 385 916 domino
415 847 527 914 Ulrieo
556 851 596 914 de
626 847 835 914 Minzenberc
866 868 925 932 pro
956 847 1075 932 viginti
1104 847 1224 914 333313
1255 847 1504 916 coloniensibus
1540 847 1636 915 titulo
1667 848 1814 934 pignoris

156 956 302 1040 obligavi
331 963 364 1020 et
388 957 473 1036 quod
496 953 571 1037 1333
592 955 680 1020 bona
703 955 745 1019 ab
769 974 807 1021 eo
831 953 942 1037 recepi
965 957 1025 1021 sub
1054 954 1235 1022 castrensis
1264 953 1415 1022 beneficii
1443 953 1572 1022 nomine
1602 954 1810 1037 possidenda.

156 1065 191 1131 Si
214 1071 323 1130 autem
346 1082 367 1128 3
389 1061 477 1127 31333
494 1061 606 1127 1113133
631 1060 701 1128 3133
716 1061 851 1127 licentia
865 1080 1034 1128 recessero
1051 1068 1085 1127 et
1101 1061 1273 1144 pecuniam
1288 1057 1454 1144 prefatam
1470 1061 1533 1126 sibi
1548 1080 1613 1127 non
1628 1061 1811 1143 reddidero,

156 1169 320 1253 prelibata
342 1171 431 1234 bona
453 1187 526 1234 mea
549 1169 670 1234 debent
694 1187 766 1234 esse
790 1187 849 1250 pro
873 1167 1013 1252 triginta
1036 1169 1156 1234 marcis
1173 1167 1420 1235 coloniensibus
1443 1168 1546 1235 eidem
1561 1167 1715 1251 deinceps
1731 1168 1813 1236 obli·

156 1284 245 1360 gata.
281 1277 328 1341 Et
351 1295 392 1341 ne
415 1275 512 1341 huius
528 1274 738 1358 obligationis
754 1294 824 1341 mee
840 1279 1035 1341 succedente
1053 1275 1250 1358 posteritate
1266 1281 1456 1340 succrescat
1472 1274 1601 1358 oblivio,
1626 1282 1813 1357 presentem

157 1382 303 1448 cedulam
325 1381 462 1447 inscribi
484 1387 517 1447 et
542 1379 648 1464 sigillo
676 1400 747 1447 meo
771 1380 860 1447 volui
889 1381 1048 1447 roborari.
1097 1383 1215 1447 Testes
1245 1381 1341 1447 huius
1371 1381 1421 1447 rei
1450 1388 1544 1448 sunt:
1577 1383 1749 1448 Cunradns
1779 1389 1813 1448 et

157 1488 297 1555 Sitridns
313 1486 438 1555 iratres
453 1487 526 1570 mei,
547 1485 709 1554 Ludollus
726 1487 886 1553 scultetus
900 1487 936 1553 in
952 1486 1196 1569 Frankinvord,
1213 1489 1356 1553 Pretus⁸
1371 1491 1411 1554 33
1425 1487 1629 1570 Hittenseze,
1646 1487 1812 1554 Arnoldus

156 1599 196 1662 de
219 1597 370 1676 Benstat,
396 1594 587 1660 Richwinus
611 1597 651 1660 dc
674 1595 862 1679 Koycheno,
894 1595 1064 1661 Johannes
1089 1594 1275 1679 Goltsteyn,
1307 1594 1517 1661 Hermannns
1540 1594 1652 1678 Niger,
1680 1594 1813 1661 Ulrieus

156 1704 299 1784 Longae,
324 1702 539 1768 Baldemarus
556 1703 595 1766 de
612 1701 816 1782 Fronehove,
840 1701 1039 1767 Berhtoldus
1059 1721 1161 1784 33333
1176 1700 1357 1783 Β33333313,
1381 1702 1575 1768 Herbordus
1591 1708 1625 1767 et
1640 1701 1813 1786 Wicgerus

155 1808 280 1876 iratres
303 1811 342 1874 de
366 1808 556 1890 Ovenbach,
589 1807 760 1874 Cimrodus
784 1811 824 1874 de
847 1809 1046 1892 Burnheym‚
1078 1808 1230 1876 Otwinus
1261 1810 1301 1873 de
1325 1809 1465 1890 Gunsse,
1500 1807 1742 1891 Starcgeradus
1773 1811 1813 1874 de

155 1916 324 1997 Solnbach,
357 1913 528 1981 Cimradus
558 1919 598 1981 de
621 1915 772 1996 Wedero,
803 1915 1005 1981 Wernherus
1036 1918 1075 1981 de
1107 1914 1302 1996 Oolnhusen,
1334 1915 1504 1981 Johannes
1535 1920 1569 1980 et
1591 1914 1811 1981 Ebernandus

155 2021 279 2089 iratres
313 2025 353 2088 de
389 2022 673 2105 Rumphenheym,
709 2019 902 2087 Wintberns
937 2024 977 2088 de
1011 2022 1296 2105 Rumphenheym,
1333 2021 1503 2103 Rupertus
1537 2023 1578 2087 de
1612 2021 1811 2103 Hohenstat‚

155 2131 317 2210 Andreas,
342 2128 531 2194 Fridericus
555 2131 595 2194 de
618 2128 839 2212 Ecgenheym,
864 2128 1061 2195 Anshelmus
1086 2128 1239 2213 Cygelen,
1271 2129 1445 2210 Rnegerus
1467 2127 1678 2209 Hanenbuto,
1702 2128 1812 2194 Rude-

155 2255 253 2320 gerus
277 2233 426 2301 notarius
450 2234 572 2301 domini
594 2233 708 2317 Ulriei,
739 2235 909 2317 Repertus
932 2235 1127 2318 Hasensela,
1159 2234 1254 2301 Dimo
1281 2241 1431 2316 venator,
1462 2233 1662 2317 Fridericus,
1693 2234 1813 2300 Balde-

155 2361 276 2420 marus,
310 2341 511 2422 Hartwieus,
546 2341 676 2408 Ulricus
704 2341 790 2408 filius
819 2340 976 2426 Benigne,
1009 2341 1197 2426 Heynricus
1229 2343 1269 2406 33
1301 2337 1514 2424 Langestorf,
1548 2340 1740 2407 Hartwicns
1772 2343 1813 2406 de

155 2449 306 2530 Otsbere,
338 2448 511 2531 Ruegerus
535 2451 575 2513 de
598 2447 761 2528 Birkelar,
793 2455 826 2513 et
851 2447 953 2515 ceteri
976 2468 1073 2530 quam
1096 2449 1217 2530 plures,
1249 2467 1330 2529 quos
1360 2445 1521 2514 tediosum
1547 2452 1636 2513 esset
1665 2448 1812 2529 presenti

156 2555 268 2621 cedula
299 2561 469 2656 annotare.
517 2555 605 2620 Aeta
637 2559 713 2619 sunt
745 2554 805 2619 hec
839 2573 924 2620 anno
956 2553 1116 2620 dominice
1148 2534 1453 2621 incarnationisll'i.
1479 2533 1726 2637 3133111111,
1763 2553 1813 2619 in-

155 2661 297 2728 dictione
320 2661 392 2728 XV.

369 2803 415 2858 Or.
429 2802 518 2872 Pomt.
537 2803 587 2856 mit
605 2803 808 2873 caledopendem
827 2808 876 2872 pat
894 2803 1048 2857 erimberto
1062 2803 1152 2873 Siepei
1164 2803 1389 2857 tartareum.
1408 2802 1541 2856 Birsteio.
1568 2800 1743 2857 Collationirt
1760 2819 1813 2858 ooo

420 2892 517 2946 Herm
534 2891 736 2946 1130133333.

369 2980 467 3035 033133
486 2981 531 3048 B,
544 2983 579 3034 57
596 2980 773 3049 3331311333,
787 2980 812 3032 I.
824 2980 876 3034 Α..·
893 2980 937 3034 De
954 2979 1060 3050 1331331
1077 2980 1212 3048 different.
1230 2978 1270 3032 11
1285 2979 1334 3047 ed,
1354 2981 1414 3049 537,
1433 2979 1588 3035 amadeo
1605 2979 1713 3048 Weock,
1732 2979 1812 3034 Here.

420 3069 625 3139 Laodespeaeb,
644 3068 670 3136 Ι,
693 3069 784 3135 Urbb,
803 3071 845 3123 15.

372 3157 466 3211 Vera.-
485 3157 593 3226 Scriba,
612 3156 637 3224 I,
657 3156 710 3211 No.
726 3159 786 3223 338,
805 3158 935 3228 Aueaop:
956 3157 1078 3224 lbomos,
1100 3156 1227 3224 Oberbos,
1245 3161 1306 3212 433.

154 3479 219 3556 99.
244 3489 355 3574 Kduo'p
371 3489 527 3554 Heinrich
543 3489 660 3572 (VII.)
686 3488 797 3570 befrce't
819 3487 870 3551 die
890 3486 1141 3552 Klosterbrd'der
1162 3509 1205 3552 33
1227 3487 1422 3553 Brooobacb
1445 3509 1505 3554 ooo
1527 3489 1587 3554 den
1605 3488 1723 3555 Roeoa
1746 3488 1813 3554 read

243 3596 440 3662 Moioadlleo
462 3597 528 3660 und
552 3597 661 3661 333333
684 3595 744 3660 deo
766 3593 962 3659 Loodadllm
984 3593 1043 3675 fii-r
1065 3595 1133 3659 ihre
1156 3599 1323 3680 3133333
1347 3595 1448 3661 031333
1474 3597 1541 3661 uod
1564 3597 1685 3679 33313313
1706 3601 1813 3662 331333

245 3702 453 3768 Zollbeamten
487 3702 659 3784 (officiales
690 3702 806 3784 nostri)
840 3705 874 3766 io
903 3699 1097 3782 Froulrfurt,
1135 3703 1333 3785 Oppeabeim,
1367 3702 1523 3785 Boppard
1554 3703 1621 3768 aad
1646 3702 1812 3769 Wertbeim

243 3807 343 3875 3133333
368 3808 508 3893 Prioilep
530 3831 572 3873 33
596 3808 749 3873 3333133333.
800 3807 1011 3886 0313133333,
1038 3813 1126 3873 1233
1148 3809 1280 3874 Jaouor
1303 3814 1355 3875 19.
1403 3808 1461 3891 (V.
1485 3810 1529 3875 td.
1553 3811 1635 3895 iou.)

369 3949 468 4005 03333
486 3949 743 4018 ,433333313033313
769 3949 817 4002 der
837 3947 945 4015 Grofen
969 3966 1022 4004 uon
1043 3949 1198 4005 Wertbeim.
1217 3949 1261 4018 ΙΙ,
1279 3955 1323 4005 27.
1361 3949 1657 4022 numero-Breuem,
1676 3951 1730 4018 IV,
1750 3955 1810 4007 595.

373 4039 465 4094 Vera:
483 4038 577 4107 B.·F'.,
596 4038 742 4107 1131264,
762 4035 868 4106 staua,
886 4036 949 4106 ΙΙΙ,
967 4038 1020 4094 Nr.
1035 4043 1113 4094 1354.
1134 4039 1216 4107 0333,
1235 4039 1279 4108 ΙΙ,
1298 4039 1444 4094 11132051.

155 4360 247 4438 100.
271 4368 420 4434 Deraelbe
443 4369 569 4434 33313133
595 4370 655 4434 deu
665 4368 1062 4436 Daorselordeaeoeooero
1087 4393 1130 4435 aa
1141 4370 1326 4453 Fraolcfutt
1352 4371 1413 4436 den
1423 4371 1640 4451 Riderbraclt,
1656 4373 1813 4438 3333331333

269 4478 339 4542 dem
362 4476 579 4562 Froueowepe
601 4477 668 4541 arod
691 4477 871 4544 Niederrod
893 4478 1028 4563 pelopea.
1074 4477 1269 4559 Frunlcfurt,
1295 4483 1382 4544 1233
1404 4479 1478 4544 dote
1499 4484 1553 4543 28.

261 4618 303 4683 H.
330 4616 520 4701 33133313
543 4618 764 4684 Romanorum
787 4637 846 4684 rex
870 4624 904 4684 et
927 4637 1055 4700 semper
1080 4625 1250 4702 augustus.
1298 4618 1471 4686 Universis
1499 4618 1629 4702 imperii
1649 4599 1809 4703 fidelibus,

156 4723 273 4806 quibus
296 4743 433 4807 presens
455 4723 554 4791 litera
577 4722 679 4792 luerit
702 4732 845 4806 ostensa,
877 4723 1025 4808 3333133
1040 4723 1063 4799 ll
1080 4745 1173 4792 suam
1196 4730 1230 4791 33
1254 4744 1348 4792 3333
1370 4727 1500 4793 bonum.
1548 4727 1595 4794 Ut
1623 4726 1658 4792 in
1687 4726 1811 4794 nostris

156 4830 357 4914 temporibus
381 4829 503 4898 collata
526 4851 547 4897 3
570 4837 686 4898 333333
708 4831 934 4898 munificencia
959 4838 1037 4898 rata
1059 4837 1275 4915 permaneant
1305 4838 1339 4898 et
1368 4834 1412 4898 ad
1441 4839 1573 4899 nostros
1603 4851 1811 4900 successores

156 4937 352 5021 perveniant
373 4935 553 5021 1111333311
570 4937 741 5005 literarum
763 4937 892 5005 indiciis
915 4936 1052 5006 iecimns
1076 4938 1283 5025 etternari(i)
1306 4958 1355 5022 33,
1380 4958 1443 5020 que
1462 4937 1660 5007 conferimus
1675 4946 1812 5022 propter

156 5048 260 5112 deum.
309 5045 437 5112 Tenore
459 5044 562 5130 igitur
584 5046 789 5129 presencium
813 5053 882 5112 tam
904 5045 1069 5113 modernis
1092 5065 1190 5128 quam
1219 5043 1341 5112 futuris
1366 5043 1563 5127 innotescat,
1595 5050 1681 5128 quod
1710 5066 1770 5114 nos
1785 5045 1810 5121 ll

155 5149 317 5220 iratribus
352 5151 526 5235 hospitalis
560 5158 675 5219 sancte
707 5153 813 5219 Marie
847 5155 962 5219 domus
992 5151 1171 5219 Teutonice
1205 5151 1240 5218 in
1273 5149 1506 5220 Freinkinibrt
1540 5153 1736 5220 contulimus
1770 5156 1811 5220 de

154 5257 356 5325 liberalitate
378 5257 471 5343 regia
494 5259 643 5326 Rubeam
667 5260 828 5342 paludem,
860 5263 900 5326 de
924 5259 1169 5343 Vrowinwegin
1194 5277 1297 5340 usque
1327 5261 1369 5324 ad
1392 5257 1548 5340 villulam,
1580 5279 1642 5341 que
1671 5265 1811 5328 vocatur

155 5365 275 5446 Rodin,
301 5364 528 5450 attingentem,
552 5372 590 5432 ut
612 5365 718 5449 ipsam
733 5366 885 5450 paludem
901 5365 934 5432 in
950 5364 1029 5432 3333
1046 5385 1123 5433 3333
1139 5365 1293 5450 33313333
1309 5371 1342 5431 33
1357 5370 1555 5433 convertent
1570 5372 1604 5432 et
1620 5365 1812 5448 possideant

155 5471 251 5554 pleno
274 5471 355 5539 iure.
391 5473 445 5538 Ad
468 5472 564 5539 huius
586 5472 699 5555 itaque
723 5473 908 5541 collationis
932 5471 1135 5541 evidenciam
1157 5479 1191 5538 et
1218 5470 1448 5539 certitudinem
1471 5478 1658 5553 presentem
1680 5472 1811 5542 literam

155 5577 256 5662 sigilli
278 5578 385 5645 nostri
407 5579 580 5646 munimine
601 5577 738 5646 fecimus
754 5579 953 5647 communiri.
991 5579 1108 5646 Testes
1124 5585 1201 5645 sunt
1216 5579 1278 5644 hii:
1304 5567 1364 5644 Th.
1381 5577 1580 5646 venerabilis
1596 5576 1811 5647 Treverensis

316 5783 322 5794 '
422 5787 513 5840 ⁸)So!
