4400 6384
725 340 792 395 1251
813 340 920 395 Januar
938 340 974 393 20
993 371 1025 379 -
1046 339 1115 394 1251
1135 339 1212 393 libre
1230 340 1254 394 5.
1772 342 1814 405 79

159 536 249 603 omni
271 536 530 603 contradictione
554 556 575 602 a
598 538 767 618 Prestooe‚
799 537 870 603 cive
894 537 933 603 de
957 534 1217 620 Frangenlurtb‚
1234 535 1259 609 ll
1275 556 1338 617 que
1362 538 1565 616 postmodum
1589 534 1751 602 iratribus
1774 539 1814 602 de

159 664 188 710 s.
205 644 336 711 Lazaro
360 663 420 725 pro
443 643 537 709 bonis
561 642 634 709 sitis
656 643 691 709 in
708 644 862 710 Nerstein
886 643 1031 725 ipsorum
1053 663 1114 726 per
1137 643 1359 709 concambium
1383 642 1602 729 cumutavill).
1641 644 1690 709 Ne
1713 643 1815 727 igitur

159 750 360 835 ambiguitas
383 752 436 817 vel
459 750 569 832 aliquo
593 750 819 819 controversia
843 771 941 832 super
964 751 1025 817 hoc
1049 750 1129 817 oriri
1151 751 1291 833 possit·
1314 758 1497 833 presentem
1529 749 1682 835 paginam
1712 749 1815 816 muni·

159 857 246 923 mine
269 856 333 923 mei
357 856 456 941 sigilli
479 855 544 923 feci
566 856 725 924 roborari.
762 859 950 925 Astiterunt
974 858 1049 925 lruic
1073 856 1349 924 contradictionib
1372 858 1436 924 viri
1458 858 1682 924 honorabiles:
1707 857 1815 924 frater

158 965 389 1031 Hartmanuus
412 967 452 1031 de
472 966 716 1048 Kronnenberc,
743 1016 749 1031 .
781 965 909 1033 villicus
934 968 973 1031 de
996 963 1247 1049 Frangenlurth
1271 972 1304 1031 et
1328 964 1454 1031 scabini
1475 963 1603 1044 ibidem,
1629 972 1663 1031 et
1686 965 1814 1032 villicus

158 1072 389 1139 Marcwardus
412 1074 453 1139 de
476 1072 690 1154 Hopenbeim,
723 1074 747 1139 J
749 1072 870 1139 acubus
899 1079 932 1138 et
955 1070 1062 1139 frater
1094 1072 1163 1138 eius
1187 1071 1410 1154 Eberhardus,
1443 1079 1477 1138 et
1499 1070 1556 1138 alii
1578 1091 1674 1153 quam
1704 1072 1814 1155 plures

158 1178 291 1245 honesti
312 1178 377 1247 viri
400 1182 440 1245 de
463 1182 585 1261 eodem,
611 1179 666 1261 qui
688 1178 784 1246 buius
807 1180 855 1246 rei
879 1186 981 1246 testes
1005 1186 1091 1245 sunt.

377 1320 423 1375 Or.
440 1320 525 1391 Pynet.
546 1320 594 1375 mit
608 1322 810 1391 oblrdnpeudern
829 1320 1016 1391 besclu'rdipten
1034 1320 1129 1391 Siepel.
1167 1320 1443 1375 scammoneae.

375 1410 474 1464 Goon:
491 1410 581 1475 Bone,
601 1411 679 1465 Heus.
699 1410 789 1480 clero,
808 1411 851 1479 II,
871 1415 912 1465 75.
946 1410 1003 1481 Vqr.
1023 1411 1119 1478 meva,
1139 1410 1190 1464 Fr.
1205 1410 1306 1475 Mitto„
1325 1410 1369 1476 II,
1386 1412 1448 1477 225,
1467 1414 1527 1465 386.

158 1670 253 1747 160.
276 1678 349 1745 Dos
365 1678 399 1743 F
398 1680 584 1761 ronkfnricr
600 1678 807 1762 Stiftscopilel
830 1680 977 1763 ‘certensi
999 1682 1059 1745 den
1074 1679 1327 1744 Domrbn'lunern
1350 1684 1439 1743 einen
1461 1679 1525 1759 ons
1545 1680 1639 1744 deren
1654 1678 1816 1760 Hofstdtle

275 1810 317 1851 ere
339 1786 524 1868 Fronlrsnrt
548 1788 708 1853 lesternlen
732 1788 820 1851 Zins.
868 1793 955 1852 1251
979 1787 1112 1853 Jusnnor
1134 1793 1188 1851 20.

267 1930 334 1995 Nos
357 1929 547 1996 Fridericus
571 1931 716 1995 decanus
740 1934 907 2010 totumque
938 1927 1117 2010 capitulum
1147 1928 1284 1994 ecclesie
1308 1925 1638 1994 Frankenlordensis.
1687 1928 1814 1994 Teuore

157 2035 361 2118 presentium
384 2036 512 2118 publice
543 2036 743 2117 profitemur,
767 2034 791 2109 ll
816 2039 902 2117 quod
935 2055 1051 2101 census
1084 2035 1221 2102 ecclesie
1253 2041 1376 2116 nostre,
1411 2053 1491 2115 quos
1523 2034 1557 2099 in
1590 2054 1669 2100 area
1700 2037 1814 2101 domus

155 2142 406 2209 Predicatorum
421 2142 511 2209 infre
526 2162 635 2209 muros
649 2141 881 2209 Frunkenford
899 2142 1079 2223 babuimus,
1101 2142 1253 2209 videlicet
1269 2144 1378 2208 decem
1392 2142 1417 2214 ll
1436 2140 1556 2207 solidos
1572 2139 1659 2207 illius
1674 2148 1812 2223 monete,

155 2248 241 2331 ipsis
265 2247 425 2316 iratribus
448 2249 653 2317 vendidimus
684 2270 742 2333 pro
774 2255 914 2331 quatuor
945 2248 1064 2315 marcis
1094 2256 1129 2315 et
1159 2248 1293 2315 dmidia
1322 2248 1459 2330 pecunie
1489 2255 1659 2314 numerate
1673 2246 1698 2321 ll
1717 2256 1751 2314 et
1779 2248 1815 2314 in

156 2374 239 2421 usus
274 2356 360 2422 dicte
395 2354 532 2423 ecclesie
566 2364 678 2423 nostre
715 2356 935 2423 convertimus
969 2356 1124 2439 potiores.
1181 2356 1228 2423 Ut
1260 2362 1369 2421 autem
1402 2354 1585 2421 huiusmodi
1615 2354 1814 2423 venditionis

157 2468 351 2529 contractus
384 2465 486 2529 robur
520 2464 658 2545 babeat,
694 2470 865 2545 presentes
900 2469 1032 2530 nostras
1067 2462 1197 2530 litteras
1232 2462 1329 2528 dictis
1362 2462 1629 2529 Predicutoribus
1667 2461 1814 2528 dedimus

156 2566 339 2651 sigillorum
362 2578 549 2635 nostrorum
573 2569 746 2637 munimine
770 2572 954 2636 roboratas,
1001 2571 1123 2636 Actum
1146 2590 1231 2636 auno
1255 2568 1377 2636 domini
1398 2568 1566 2636 millesimo
1593 2568 1813 2635 ducentesimo

156 2673 427 2759 quinquagesimo
452 2676 565 2759 primo,
591 2678 687 2743 XIII.
713 2676 873 2743 kalendas
897 2674 1066 2744 februarii.

375 2816 421 2872 Or.
435 2818 522 2888 Ppmt.
544 2816 790 2888 Siepeleinsclrnitte
807 2819 856 2886 fter
874 2820 935 2873 ἄνοι’
953 2820 1050 2889 Siepel.
1090 2820 1128 2873 St.
1141 2820 1176 2873 A.
1192 2820 1242 2873 Fr.
1262 2819 1464 2874 Dominikoner
1480 2819 1553 2884 Uele,
1567 2820 1620 2873 No.
1634 2823 1658 2873 7.

374 2906 456 2961 θεάν.
476 2908 546 2961 nem
565 2908 624 2961 deon
645 2907 708 2963 On:
726 2908 769 2977 B.,
788 2912 831 2963 83.
865 2909 922 2979 Vpl.
948 2908 1123 2976 Wetterooio,
1142 2908 1168 2977 Ι,
1187 2913 1229 2963 88.

156 3174 251 3250 161.
277 3183 378 3266 Popst
394 3185 551 3249 Innocens
564 3186 626 3249 IV.
643 3186 766 3267 sordui
781 3188 831 3251 die
849 3184 1065 3266 Fronlfortcr
1080 3184 1273 3269 (consiliarii
1289 3192 1322 3252 et
1338 3184 1476 3267 populus
1493 3187 1532 3251 de
1548 3183 1814 3270 Frankenforde)

276 3291 345 3372 ures,
370 3292 438 3356 sicle
455 3292 533 3373 jedei
556 3294 637 3357 nocie
660 3294 729 3357 (lene
748 3293 831 3358 Tude
846 3293 967 3358 Koiser
984 3292 1169 3357 Friedricles
1182 3293 1232 3357 Π.
1259 3295 1371 3358 render
1386 3294 1442 3357 der
1457 3293 1578 3357 Ke'rclee
1592 3294 1813 3373 aereaercendem

276 3398 456 3479 cersprdehl,
488 3399 582 3463 dcem
602 3400 652 3463 die
681 3400 794 3465 Gnade
823 3400 877 3465 des
901 3400 1029 3484 Kdrce'ps
1055 3400 1198 3465 Welbelm
1227 3423 1267 3464 en
1298 3400 1459 3476 erronica,
1490 3400 1556 3464 renel
1586 3401 1729 3465 cumulent
1758 3404 1812 3479 see,

276 3504 381 3568 diesen
403 3506 454 3569 uls
477 3505 587 3590 Kdniy
618 3508 863 3586 enecuerlrennem
897 3508 940 3571 do
963 3506 1101 3572 Konrnel
1132 3509 1197 3571 renel
1226 3506 1410 3572 Fricelricles
1441 3512 1559 3572 tenebre
1582 3509 1684 3573 Stilone
1706 3508 1815 3572 leinen

277 3610 553 3693 Recldsetnspruclr
576 3613 639 3695 onf
659 3614 710 3678 elie
732 3614 842 3678 Krene
865 3615 978 3679 lutmo.
1025 3614 1077 3678 Ine
1101 3614 1194 3680 Folle
1220 3616 1275 3679 eles·
1304 3615 1537 3699 tz'opeborsoms
1569 3617 1668 3680 werde
1697 3638 1731 3680 er
1759 3638 1814 3679 en-

276 3740 417 3782 somnren
440 3722 495 3783 neit
517 3720 586 3784 dein
601 3719 729 3805 Kdnipe
750 3742 847 3805 qeyen
871 3724 916 3785 sic
934 3723 1146 3786 nersobreilen.
1181 3722 1282 3805 Lpore,
1308 3722 1627 3787 1251Febrcmr19.
1653 3722 1733 3804 (XI.
1750 3724 1812 3787 tol.

278 3828 393 3904 ciconii,
418 3826 657 3900 annevirre)

375 3967 474 4023 Gale:
501 3970 538 4023 In
563 3970 611 4023 der
636 3969 836 4040 Anaferiipnnp
860 3970 910 4037 fib·
934 3970 1049 4038 Worme,
1068 3972 1145 4025 Men.
1162 3971 1251 4025 Germ.
1264 3971 1302 4038 4⁰,
1329 3972 1383 4040 Ep.
1396 3970 1497 4039 Select,
1516 3971 1573 4040 III,
1599 3976 1641 4026 59.
1679 3971 1814 4039 Pottbuat,

428 4058 481 4113 No.
496 4062 590 4113 14210.
626 4060 739 4128 Berper,
759 4060 811 4113 No.
826 4062 904 4115 5306.
943 4058 1129 4128 nonnulii,
1150 4061 1203 4115 No.
1218 4064 1295 4115 1588.

374 4148 505 4202 Dueselbe
528 4149 617 4203 Breve
642 4150 738 4220 erpinp
756 4168 782 4204 u.
802 4167 827 4203 a.
854 4167 891 4204 on
919 4150 1099 4204 Gdnboneen.
1137 4152 1184 4204 An
1208 4150 1355 4204 demselben
1375 4150 1449 4219 Papa
1473 4150 1565 4205 oliae
1589 4149 1638 4203 der
1659 4150 1748 4219 Popat
1770 4151 1815 4203 ein

427 4236 571 4292 Sebreiben
590 4256 628 4292 ou
646 4238 691 4292 die
705 4238 871 4308 „consiliarii
890 4238 922 4293 de
936 4238 1150 4293 Franlreiordia“
1171 4240 1209 4293 im
1222 4240 1341 4308 pleicbeu
1354 4240 1447 4294 Sirene.
1477 4239 1576 4294 Gedu:
1594 4240 1632 4293 In
1643 4239 1815 4309 ollpemeiner

426 4326 626 4397 Aueferlipnnp
647 4344 685 4381 ou
708 4328 752 4382 die
775 4328 939 4395 „consiliarii
961 4328 1114 4385 civitatum.
1134 4327 1293 4396 oppidorum
1312 4333 1341 4382 et
1360 4327 1488 4382 villarum
1506 4328 1664 4381 Alamanic“
1684 4329 1701 4383 l.
1720 4344 1752 4396 o,
1771 4332 1813 4381 60.

427 4415 561 4483 Potlltoet,
590 4417 643 4471 No.
664 4420 759 4485 11211,
790 4419 903 4487 Berper,
932 4418 984 4472 No.
1005 4420 1075 4472 5307
1100 4419 1159 4471 and
1187 4422 1264 4486 5308,
1292 4418 1397 4486 serica,
1416 4418 1486 4483 IV’,
1516 4419 1569 4472 No.
1591 4421 1670 4473 3390.
1708 4417 1815 4472 Gler'cbe

426 4504 569 4559 Sebreiben
586 4506 686 4577 piuqen
705 4524 743 4561 err
763 4507 935 4562 Gelubeuaen
954 4507 1012 4561 und
1030 4507 1191 4577 Friedberq.

157 4753 252 4829 162.
276 4765 467 4829 Sclneltlmiss
493 4766 675 4847 'Wolfrumst
706 4767 756 4832 die
779 4768 923 4849 Sebdffen
951 4768 1016 4831 euml
1040 4767 1170 4851 Bri-ruer
1203 4790 1260 4831 eme
1285 4767 1466 4849 Frunlfurl
1496 4768 1705 4846 beerlvnulen,
1736 4767 1813 4832 (loss

277 4871 449 4937 Becblbolel
472 4896 531 4938 con
555 4874 769 4959 Heidebopeo
793 4876 858 4939 renel
881 4873 975 4939 Fron
998 4876 1067 4938 clero
1090 4874 1223 4941 Klosler
1248 4876 1355 4941 Theon
1381 4878 1480 4940 (iliter
1502 4879 1537 4939 e'n
1560 4875 1721 4940 Bonuuees
1748 4876 1814 4939 und

276 4978 422 5044 Kne'cben
446 4982 633 5067 libereropcn
654 4983 764 5047 leuben.
813 4988 898 5047 1251
922 4981 1021 5047 blora
1044 4988 1075 5046 5.

268 5122 318 5185 W.
344 5123 512 5204 scoltetuS,
537 5122 664 5189 scabini
687 5143 726 5189 ac
749 5124 839 5191 cives
863 5124 1008 5190 universi
1031 5128 1070 5190 de
1086 5126 1337 5192 Frankenvord.
1378 5124 1544 5203 Actiones
1570 5143 1651 5204 quas
1675 5127 1813 5190 mundus

156 5214 303 5309 ordinat,
337 5228 530 5295 oblivionem
561 5229 702 5313 effugere
736 5239 883 5313 possunt,
917 5232 946 5297 si
969 5231 992 5303 ll
1019 5231 1204 5299 litterarum
1237 5232 1411 5298 munimine
1444 5230 1632 5297 fulciantur.
1681 5231 1814 5295 clamat

153 5336 262 5421 igitur
291 5335 453 5402 universis
477 5355 612 5417 presens
636 5337 794 5420 scriptum
817 5338 947 5421 visuris,
979 5342 1065 5420 quod
1093 5340 1128 5405 in
1159 5339 1327 5422 presentia
1357 5345 1472 5404 nostra
1495 5338 1675 5403 Betdoldus
1706 5336 1813 5402 dictus

427 5538 451 5578 sl
467 5530 514 5573 Am
528 5530 616 5574 novule
629 5531 797 5587 leirrsuyefe'ipt.
826 5532 849 5582 b)
865 5534 913 5576 So!

214 5692 370 5747 ¹Derselbe
395 5692 531 5763 besiepelte
556 5696 625 5747 1251
648 5692 802 5763 September
818 5696 854 5749 26
881 5692 960 5761 (teria
1013 5696 1213 5765 Bnrqmonueu
1239 5712 1274 5750 eu
1302 5696 1414 5749 Boeben
1440 5696 1489 5760 frtr
1521 5694 1632 5749 Kloster
1660 5694 1812 5766 Amebnrp.

152 5780 247 5839 tercie
275 5784 340 5835 ente
366 5780 468 5837 lectum
494 5781 644 5851 illcbaelis)
672 5783 731 5837 dere
756 5784 885 5838 Urlcunde
911 5784 960 5837 der
1014 5784 1114 5837 Aremb.
1132 5783 1222 5852 Uel-b,
1241 5788 1284 5853 41,
1303 5784 1420 5852 Reimer,
1440 5785 1465 5852 I,
1482 5787 1543 5838 201,
